3950 6317
60 292 77 350 5
463 293 625 355 lllstoltla
644 293 944 356 clarimontensis
962 294 1199 356 contutimus.
1593 299 1665 388 ildd

65 425 125 466 unc
140 411 306 470 veniendum
320 419 361 468 cst
371 411 406 468 nd
418 410 498 480 Acta,
513 412 570 469 sire
588 416 630 485 (nt
644 413 817 484 appellabar·
830 415 854 474 Α
869 427 936 482 poro
949 412 1010 482 luit,
1023 424 1052 472 ot
1062 417 1187 487 quintum
1212 417 1411 476 oecrrmenicum
1423 432 1486 478 esse
1506 417 1614 488 dicitur,
1637 426 1668 477 et

83 513 167 573 gesta
189 504 377 560 collationis:
401 519 461 576 qum
476 503 585 575 quidem
600 504 664 560 olim
692 503 813 560 studiose
867 504 900 560 iis
913 504 984 562 lnrte
994 511 1159 566 occurrisset
1179 511 1316 580 quoddam
1331 523 1413 585 caput
1435 523 1571 585 tamqnam
1594 511 1667 584 trag-

60 606 137 663 rpta,
152 597 319 667 conscripta,
333 595 485 669 collataque
494 595 612 663 inerant,
622 596 670 653 sed
684 596 814 669 temporis
866 603 985 653 mentum
1001 597 1150 658 Gestorum
1164 600 1327 662 collationis
1338 605 1571 678 earnagtnensts,
1593 602 1666 676 quod

63 686 122 752 ria,
160 688 381 758 posteritatisqne
415 686 579 759 negligentia
605 688 810 744 interciderant.
865 690 962 748 lumin
977 691 1025 746 illo
1054 693 1185 752 Orientali
1210 697 1328 754 concilio
1352 697 1488 770 prolatum
1510 696 1560 753 init
1585 694 1666 752 annis

60 795 77 835 o
95 795 162 836 cnm
180 797 266 852 numer
284 781 415 852 maiorem
430 781 626 855 melioremque
640 796 735 839 comm
752 799 813 854 par-
865 781 1008 854 plusquam
1022 793 1132 842 eentum
1144 795 1173 843 et
1184 787 1364 861 quadraginin
1387 800 1563 862 posteaquam
1577 787 1666 844 inerat

60 913 69 939 ‚
101 873 240 932 bertelieio
266 873 309 930 lo.
326 875 387 931 lilii
413 883 508 933 nactus
535 890 635 941 essent,
661 875 812 933 existimaui
864 876 1161 949 scriptuminlllrica:
1180 880 1586 941 existimarimenaciumesse
1610 880 1666 938 ali·

60 983 138 1022 num
164 969 230 1024 milri
255 968 398 1040 quemdam
421 968 578 1026 tlresaurnm
601 968 722 1026 oblatum
740 983 810 1026 esse.
864 971 1025 1044 qnid,quod
1036 972 1149 1037 minime
1161 973 1187 1029 in
1198 973 1459 1034 boccommentario
1470 973 1663 1049 negligendum

60 1077 68 1115 ι
85 1061 143 1118 etsi
158 1078 192 1119 er
205 1061 356 1135 dugttstino
370 1075 475 1119 summa
491 1063 580 1134 capita
597 1061 674 1119 intelle
688 1073 813 1135 repetere
864 1075 946 1123 esset.
961 1067 1011 1123 Est
1024 1077 1115 1124 anum
1135 1068 1290 1138 ejusmodi:
1318 1069 1360 1126 Ea
1380 1069 1485 1136 Gestis.
1507 1084 1565 1140 que
1588 1070 1660 1141 opud

60 1163 104 1209 at:
123 1165 216 1211 tanuen
228 1155 322 1224 inulta,
332 1170 393 1228 qum
405 1155 452 1214 ille
460 1155 601 1226 praeteriit,
610 1155 812 1224 desiderabam,
865 1156 1148 1217 Marcellianum.
1170 1161 1302 1216 tribunum
1326 1172 1351 1216 et
1370 1165 1499 1218 notorium
1510 1173 1569 1218 acto
1591 1170 1662 1229 arnt,

60 1249 239 1304 nemineram
263 1263 344 1320 quam
365 1247 443 1304 ralde
460 1250 523 1306 olim
545 1249 665 1306 Ecclesia
681 1251 813 1308 voluisset
864 1269 923 1324 cop.
951 1252 1021 1319 tea,
1044 1253 1203 1325 Augustinus
1225 1254 1360 1328 episcopas
1383 1255 1507 1312 Ecclesiae
1529 1256 1665 1312 romoliae

60 1358 112 1413 gra
130 1342 191 1400 baec
204 1344 271 1399 dcta
285 1341 349 1413 legi.
364 1357 514 1414 eorumque
526 1343 684 1400 memoriam
698 1359 812 1424 conser-
864 1344 952 1401 dicit:
969 1344 1032 1402 Non
1044 1347 1072 1402 in
1085 1345 1233 1402 bonrinilna
1245 1364 1304 1418 spes
1317 1348 1481 1419 ponendoeu
1491 1347 1625 1416 Emieaioe,
1640 1349 1664 1404 ri

63 1477 69 1488 .
87 1435 161 1491 Nam
182 1436 283 1507 etipse
305 1436 471 1507 atrgustinns
494 1437 519 1492 in
541 1435 589 1492 lib.
601 1437 636 1494 de
650 1437 739 1495 Gestis
749 1452 811 1495 cum
865 1438 925 1494 boni
939 1449 1011 1505 aunt,
1027 1439 1162 1509 neqse,'ri
1174 1439 1317 1502 molitum,
1328 1439 1474 1510 judicando
1484 1449 1522 1496 eat
1545 1438 1595 1497 Dei
1608 1439 1663 1495 Ec·

60 1531 133 1588 trito
159 1541 263 1597 narrat,
279 1532 349 1602 apud
363 1545 459 1587 omtrcs
482 1530 525 1604 (ιιι
542 1531 590 1602 ait)
604 1531 748 1603 diligentes
761 1532 813 1588 Ec·
864 1534 942 1590 cleric
957 1535 1076 1607 periisse.
1089 1533 1144 1591 Sed
1158 1545 1242 1590 lacten
1262 1534 1382 1606 ipsorum
1408 1551 1513 1590 marom
1534 1546 1665 1602 mutorum

60 1627 106 1682 ias
132 1627 275 1684 lllrioanas
299 1626 445 1698 quotannis
469 1639 500 1682 ra
522 1641 538 1681 a
560 1627 650 1697 cupite
671 1627 704 1682 ad
729 1626 810 1684 ilrrem
863 1628 975 1700 [rutrum
988 1641 1138 1686 nostrornm
1159 1632 1341 1702 suscipimua,·
1364 1639 1400 1698 et,
1421 1631 1446 1687 si
1469 1631 1543 1687 nobis
1563 1628 1664 1687 ruendi

60 1720 207 1776 tteordine
234 1720 345 1778 recitata
372 1718 467 1789 sitisse,
491 1735 545 1792 quo
568 1729 690 1794 tempore
710 1722 811 1793 populo
864 1724 993 1796 potuerint
1008 1725 1240 1792 criminantium
1253 1727 1314 1781 ilios
1327 1726 1663 1780 anatliemutr'aomttsstton

60 1813 127 1872 tinre
139 1815 276 1886 integrum
288 1823 348 1870 erat
358 1814 461 1871 audire.
477 1813 576 1872 l'ateor
590 1828 644 1868 non
659 1815 740 1872 modo
752 1814 810 1886 lep·
826 1813 849 1874 ll
863 1825 947 1872 tomen
959 1827 1065 1888 propter
1075 1818 1136 1874 iilos
1147 1817 1290 1896 Ecclesium
1303 1817 1382 1875 olleo
1392 1817 1578 1890 pronsiuomel
1588 1815 1665 1874 ecbi-

60 1913 138 1982 gira,
154 1911 204 1966 sed
223 1919 250 1966 et
264 1924 349 1980 prope
363 1909 523 1980 battologica
534 1922 616 1980 posse
630 1908 715 1965 rideri
729 1909 812 1980 :qnia
864 1910 942 1964 bitum
958 1911 1101 1967 deserimur
1115 1921 1139 1967 et
1149 1912 1325 1982 relinquimur.

60 2005 163 2059 ltentur
176 2017 271 2059 omnes
294 2002 493 2057 Donatistarum
507 2001 708 2068 cavillationes,
723 2015 755 2058 ae
778 2018 812 2058 tre
901 2005 958 2061 lloe
975 2005 1156 2076 fragmentum
1170 2015 1198 2062 ct
1206 2021 1268 2077 cap.
1282 2007 1333 2062 tsi
1348 2005 1493 2065 Gestorum
1505 2003 1664 2062 Collationis

60 2097 125 2154 bum
148 2095 254 2166 quidem
269 2089 353 2151 ullum
367 2096 598 2166 praetermittatur.
614 2094 667 2152 Sed
683 2093 812 2152 Ecclesiae
864 2096 956 2154 deerat
967 2099 1049 2153 etiam
1065 2098 1091 2152 in
1104 2096 1211 2153 liliano
1221 2098 1383 2169 exemplari,
1396 2097 1469 2170 qnod
1497 2097 1590 2154 irruitis
1602 2095 1665 2153 aliis

60 2191 160 2265 ¹cipub.
176 2190 306 2260 interluit,
320 2189 424 2260 singula
438 2187 519 2263 851
533 2204 566 2245 co
582 2188 663 2245 modo
676 2188 811 2244 conscribi
864 2189 952 2246 modis
971 2205 1097 2247 mancum
1123 2202 1152 2247 et
1165 2189 1289 2246 mutilum
1316 2197 1369 2246 est.
1396 2187 1451 2246 snt
1477 2190 1581 2246 interea
1598 2189 1672 2245 dnm·

60 2301 91 2341 ne
104 2283 214 2356 exponi.
229 2283 362 2340 Ettamcn
371 2297 407 2338 ne
416 2297 509 2338 eornm
523 2279 593 2338 loric
605 2279 744 2351 longitudo
757 2281 813 2337 lec·
863 2283 1092 2352 exspectabinms,
1104 2284 1287 2356 utaliquando
1299 2284 1403 2354 integra
1418 2282 1464 2338 illa
1483 2282 1564 2340 Gesta
1585 2296 1663 2352 repc-

60 2394 81 2434 rs
90 2377 256 2444 deterreret,
264 2375 428 2448 Augustinus
436 2375 572 2447 cpitnmcn
583 2375 664 2430 ctiam
674 2374 814 2443 conscrip-
866 2378 972 2434 riantur
984 2384 1012 2433 ct
1022 2378 1149 2447 edantur,
1162 2379 1324 2451 praeeipuam
1336 2387 1441 2449 partem
1455 2376 1568 2450 liujusoe
1577 2377 1667 2434 Colla-

73 2487 156 2544 qnam
169 2471 274 2528 vorarit
285 2470 474 2528 Brcrlculnm:
489 2478 516 2526 et
527 2485 619 2526 rnrsns
629 2468 724 2526 cadem
738 2469 813 2524 dere
864 2470 947 2527 tionis
961 2485 1143 2542 exponamus.

62 2565 117 2636 psit
129 2566 157 2620 in
172 2564 220 2621 lib.
229 2563 449 2630 PostCollat.,et
458 2563 576 2634 denique
588 2577 622 2620 ex
637 2562 741 2636 synodo
754 2561 813 2618 Cir·
899 2562 939 2619 Ac
951 2563 1085 2635 imprimis
1109 2564 1218 2636 quidem
1244 2563 1362 2620 observo
1383 2577 1511 2633 magnum
1538 2568 1567 2619 et
1591 2559 1666 2631 eele-

60 2659 216 2716 sieamdem
227 2659 411 2735 narrationem
429 2659 538 2730 repetit,
552 2659 632 2730 epist.
650 2656 713 2726 laid,
729 2673 811 2729 qnam
864 2656 941 2713 brem
955 2657 1040 2714 luisse
1053 2671 1219 2714 corruentmn
1245 2673 1307 2714 cum
1329 2656 1458 2714 mtlrolici
1471 2655 1591 2728 episcopi
1612 2656 1665 2712 du·

60 2754 118 2808 lem
132 2752 277 2824 epistolam
293 2751 404 2817 indicat,
420 2765 482 2808 cum
497 2750 531 2806 ad
544 2746 731 2807 lla'rccllinum
744 2752 812 2808 scri·
863 2753 971 2808 centlet
980 2753 1119 2824 octoginta
1130 2767 1190 2818 ser,
1201 2752 1348 2808 bonatista·
1360 2767 1425 2808 uero
1435 2749 1543 2808 ducenti
1555 2760 1665 2822 septua-

60 2845 126 2902 rde
148 2845 225 2902 bisce
243 2845 300 2902 snis
321 2843 462 2900 laboribus
483 2843 510 2899 in
531 2844 611 2913 epist.
636 2841 710 2900 idda
732 2842 811 2911 llilri,
863 2845 938 2916 ginta
965 2859 1065 2903 norem
1087 2847 1288 2903 conuenissent.
1316 2847 1349 2902 Et
1362 2903 1365 2910 ,
1379 2856 1469 2902 tamen
1494 2844 1575 2914 paulo
1600 2852 1666 2900 ante

63 2939 105 3007 tit,
125 2939 177 3012 {nit
196 2937 458 3012 brerimioqerlorum
475 2935 628 2992 delictionis
641 2946 736 2992 nostroe
750 2937 812 2992 artie
863 2939 1054 3011 multoplures
1081 2938 1228 2996 Donatista
1254 2949 1439 2996 convenerant
1469 2938 1496 2994 in
1524 2935 1665 3009 bagaiensi

60 3047 125 3094 nm,
140 3045 201 3084 cum
212 3029 322 3085 riderem
336 3029 464 3084 neminem
477 3027 541 3084 uelle
554 3037 625 3084 tanto
637 3029 726 3102 oggeri
741 3028 811 3084 litte·
863 3031 980 3088 concilio
992 3033 1125 3089 aduersus
1135 3046 1201 3088 suos
1214 3029 1558 3099 llasimianistas,altcranr
1574 3029 1665 3086 llona·

60 3141 94 3178 rur
117 3124 229 3197 legendo
251 3139 279 3179 ae
297 3123 474 3178 committere:
497 3123 564 3178 sicut
585 3122 648 3177 milri
670 3123 719 3192 snit
735 3124 811 3180 etiam
863 3125 987 3181 listarnm
1002 3134 1115 3181 sectam.
1130 3124 1208 3182 Adeo
1231 3124 1258 3182 in
1280 3122 1373 3180 Airica
1396 3123 1546 3180 irrraluerat
1567 3121 1664 3179 llortati

62 3221 119 3274 tola
135 3218 170 3274 od
184 3219 254 3292 ipsos
276 3219 356 3274 lrrr'ros
377 3217 530 3274 Donatistae
542 3218 574 3274 de
589 3218 637 3274 bre
650 3219 738 3274 rudent
752 3217 812 3276 Col·
825 3211 849 3278 C
864 3217 992 3274 suboles:
1008 3231 1097 3291 neque
1108 3232 1162 3273 nort
1172 3218 1207 3274 de
1217 3211 1267 3274 sna
1279 3215 1453 3274 multitudine
1462 3215 1500 3271 illi
1511 3195 1665 3286 gloriaban-

61 3331 100 3369 rne
115 3323 215 3370 nostru.
232 3312 333 3372 Scribit
345 3322 437 3371 arrtem
458 3313 492 3370 ad
506 3289 701 3381 Marcellinum,
716 3325 745 3370 ιιι
760 3333 812 3387 prr·
862 3317 907 3366 tur
922 3324 978 3365 non
993 3311 1083 3367 mistus
1097 3326 1176 3382 qnam
1192 3310 1305 3366 aliosde
1316 3325 1365 3365 stra
1376 3309 1523 3381 paucitate.
1537 3306 1664 3378 angusti-

61 3419 142 3463 emur
156 3417 231 3478 gesta
247 3409 272 3463 in
293 3421 373 3463 rausa
397 3407 576 3479 quorumdam
592 3407 741 3465 crudelium
757 3409 812 3466 llo-
863 3417 915 3458 ntus
931 3403 1116 3460 sanitatiseos
1128 3403 1294 3477 redarguere
1308 3402 1445 3472 rult,quia
1455 3400 1590 3472 jactarent
1601 3413 1664 3455 sese

61 3509 169 3556 starum
186 3499 325 3572 injudicio
341 3491 539 3557 contricionem.
564 3499 630 3558 llam
646 3509 672 3556 et
688 3501 749 3558 talla
764 3517 809 3558 re-
861 3509 924 3552 esse
939 3497 1079 3569 plnsqrram
1090 3496 1337 3569 quadringentosin
1350 3494 1594 3552 alrieaamistites.
1607 3491 1663 3550 Sed

61 3594 77 3648 ri
102 3609 156 3664 per
176 3607 272 3649 omnes
290 3591 430 3649 Ecclesiae
449 3600 527 3664 optat
548 3608 602 3652 non
616 3593 708 3650 minus
728 3611 809 3666 qnam
861 3588 1363 3661 sisuosllaximianistussibiadjnngi
1376 3587 1662 3658 patiebantnr‚rerera

61 3687 181 3761 alpsius
193 3685 364 3743 Collationis.
379 3687 455 3744 aden
472 3686 585 3744 iristnria
609 3687 808 3745 Donatistarum
862 3689 941 3738 erant
957 3683 1098 3752 plusquam
1111 3682 1313 3754 quadringenti.
1330 3680 1542 3737 llaaimianistas
1557 3690 1661 3746 autem,

71 3791 117 3838 est
128 3781 294 3852 dignamur
305 3781 497 3838 inculcaretur.
507 3780 702 3840 Obiteraulem
712 3782 808 3842 admo·
861 3778 909 3850 uui
929 3792 982 3834 non
999 3778 1089 3834 minus
1115 3777 1246 3849 optabant
1267 3774 1485 3834 lrrttctolnnnm
1515 3775 1661 3840 interesse,

79 3876 139 3932 lalli
157 3875 312 3941 Erasrnnm,
335 3875 380 3949 qni
397 3877 422 3932 in
442 3884 603 3946 argumento
616 3876 719 3948 eiusad
735 3876 808 3935 llar-
861 3886 942 3943 qnam
957 3872 1055 3944 reliqui
1071 3871 1220 3928 bellatistar
1232 3870 1481 3942 eamreingiebant,
1507 3884 1560 3924 non
1579 3865 1661 3922 modo

61 3975 131 4026 'nnm
147 3971 273 4040 epistolae
294 3977 417 4034 annona,
434 3969 614 4043 burgastinnm
629 3969 662 4026 ad
687 3969 806 4028 llarcell.
860 3965 1008 4022 Donatista·
1022 3966 1188 4038 reiecerunt,
1215 3965 1264 4023 sed
1279 3976 1307 4022 et
1320 3964 1451 4022 Catholici
1475 3963 1659 4018 excluserunt.

63 4080 104 4132 re,
122 4075 153 4120 ut
177 4078 239 4136 qnae
258 4063 390 4120 adversus
405 4063 558 4120 Donatistae
578 4064 606 4120 in
620 4064 737 4121 concilio
751 4065 809 4136 epi·
859 4057 914 4114 Cur
929 4057 955 4114 id
968 4061 1067 4116 linctum
1082 4061 1129 4130 sit,
1152 4050 1255 4116 indibat
1267 4058 1434 4131 dtrgustinus
1447 4057 1474 4111 in
1497 4055 1566 4112 libro
1578 4056 1659 4112 tertio

61 4175 147 4214 rnrrtm
160 4157 269 4215 decreta
283 4168 355 4224 sunt,
369 4158 551 4229 publicentur.
562 4157 643 4216 Certe
655 4159 807 4216 inconcilio
858 4165 953 4209 contra
968 4152 1103 4210 lulianum
1114 4172 1121 4209 :
1134 4153 1281 4228 Cupientes,
1296 4151 1392 4224 inquit,
1404 4150 1570 4224 exiquitatem
1583 4165 1657 4204 ιιιιιιιι

61 4267 193 4325 caporum
219 4269 272 4309 nnn
291 4253 488 4309 decernebatur
508 4253 581 4324 qttnd
603 4269 652 4322 pro
679 4255 806 4312 tribunali
857 4244 1378 4312 conticescitemcertnmr'nisconsolari,
1394 4245 1489 4302 elides
1510 4245 1592 4300 uideri
1605 4245 1659 4300 atr·-

61 4346 164 4404 tellini.
188 4345 273 4402 Porro
296 4355 324 4403 nt
339 4345 474 4417 gaudebat
494 4347 661 4417 lugrrstinus
675 4346 804 4404 llarcelli.
857 4339 920 4408 qnid
933 4340 1004 4412 apud
1016 4357 1061 4395 ecs
1086 4340 1180 4413 quibua
1201 4339 1501 4410 contemplationum,
1516 4338 1577 4409 quio
1590 4337 1660 4394 inire

73 4439 239 4496 Collationis
249 4441 418 4511 cognitorem
434 4439 526 4502 luisse,
540 4440 579 4496 sic
593 4447 621 4494 et
635 4438 803 4495 Bonilacinm
856 4432 991 4486 trobiscnm
1004 4433 1147 4488 sinerentur
1156 4449 1274 4500 acernen,
1286 4431 1481 4504 interpellantes
1494 4446 1536 4486 eoa
1547 4440 1570 4485 et
1585 4429 1659 4486 titel-

61 4537 134 4591 item
156 4530 267 4604 optabat
282 4533 344 4604 eius
360 4531 500 4588 historiam
516 4543 690 4603 cognoscere.
712 4530 803 4602 ltaque
858 4527 913 4582 lum
926 4525 1017 4582 dunler
1032 4538 1249 4597 maecenatesque
1260 4526 1469 4594 contenrpsimus.
1485 4523 1571 4597 lingis
1589 4524 1658 4580 enim

63 4643 109 4681 mn
135 4622 259 4681 scribens
273 4623 355 4696 epist.
371 4621 427 4680 50:
453 4621 592 4690 Qttorriom,
616 4622 712 4692 inquit,
728 4621 803 4678 aride
815 4607 843 4670 D
856 4619 888 4674 de
903 4619 1044 4675 eerlcmine
1063 4617 1193 4675 norninmi
1216 4617 1408 4684 desiderabunt,
1431 4633 1509 4688 qnam
1531 4617 1658 4691 formido-

61 4723 101 4775 ιτα
119 4727 182 4775 aunt
196 4730 277 4793 gestu,
290 4728 313 4773 et
326 4717 372 4772 libi
385 4716 445 4774 aliia
456 4717 530 4774 relus
545 4715 670 4772 Romame
685 4717 744 4792 poci
758 4733 802 4774 ne·
857 4712 919 4770 burri
933 4715 961 4769 in
974 4714 1113 4769 certonnre
1122 4714 1237 4786 superori
1252 4728 1317 4768 :nec
1330 4711 1588 4778 apmndmrtrr'ctorite
1599 4713 1656 4785 glo-

62 4813 116 4868 rriis
134 4821 270 4884 occupato,
289 4809 400 4866 multum
411 4819 448 4864 est
459 4819 487 4864 nt
501 4809 630 4883 leguntur,
648 4810 801 4866 breuiarium
853 4808 932 4874 ήιιιιι,
946 4807 993 4864 red
1006 4811 1104 4882 funum
1114 4808 1276 4880 requirebant
1285 4806 1450 4876 delirationis,
1464 4807 1526 4879 quio
1536 4807 1654 4864 multitu·
1703 4819 1707 4826 ·

62 4921 85 4959 ιιι
108 4905 156 4960 tili
175 4904 227 4977 legi
240 4903 343 4969 poterit.
369 4901 439 4973 Quid
455 4901 566 4959 mnltisl
586 4901 758 4959 Existimavit
772 4903 799 4960 iu
853 4902 984 4958 dinianon
999 4900 1134 4958 nabebunt.

62 4999 124 5054 llam
148 5011 211 5054 esse
236 4997 364 5054 Ecclesiae
379 4998 533 5054 victoriam.
558 4997 649 5069 ltaque
668 4997 695 5052 in
718 4998 798 5068 epist.
888 4995 952 5052 llaec
964 4994 1012 5050 ille
1027 5013 1034 5050 :
1050 4995 1096 5066 qni
1121 4993 1186 5052 inde
1198 4993 1295 5067 probat
1311 5009 1366 5052 non
1386 5011 1448 5052 esse
1470 5010 1652 5069 cornemium,

66 5091 100 5146 ad
122 5089 274 5162 quemdam
288 5089 475 5158 bonatistarnr
493 5086 627 5155 Praestitit,
637 5087 734 5161 inquit,
748 5089 798 5145 rni-
852 5090 936 5162 utqui
952 5087 1080 5145 conferre
1094 5089 1120 5145 in
1132 5089 1223 5162 aliquo
1232 5090 1335 5162 judicio
1349 5091 1443 5146 solunt
1455 5106 1505 5148 nec
1514 5090 1651 5156 sinuntur,

62 5185 140 5239 ordio
157 5181 215 5250 liei,
233 5195 261 5237 ut
271 5191 295 5238 el
307 5199 353 5238 noa
363 5181 507 5256 etrplscopi
520 5183 595 5238 uutri
607 5191 660 5238 tom
671 5185 800 5257 frequenti
852 5181 945 5255 putari
960 5181 1078 5240 debeam
1091 5185 1126 5240 dc
1138 5185 1254 5242 scritate
1273 5183 1412 5240 corrllderc
1426 5201 1434 5238 ι
1465 5184 1546 5254 idque
1558 5182 1652 5253 ‹rlrjicit

62 5292 188 5346 erutoque
210 5285 334 5330 concentu
352 5274 533 5350 Carthaginem
548 5277 702 5343 mutuentur,
724 5289 800 5346 atque
852 5277 1017 5349 Pelagianis,
1028 5277 1074 5349 qni
1088 5271 1213 5350 cunrg’am
1229 5279 1348 5334 danmatl
1362 5278 1389 5334 in
1410 5276 1526 5332 concilio
1544 5274 1652 5345 episco-

72 5386 120 5422 nns
134 5367 232 5440 deipsis
242 5365 399 5422 dissensione
409 5366 601 5424 ordinatissime
612 5371 797 5442 consecremur.
851 5385 946 5443 porntn
962 5370 1088 5440 luissent,
1100 5369 1378 5442 lactabantqnasdam
1391 5368 1495 5426 litteras
1504 5367 1651 5440 imperato·

62 5460 237 5532 ecorrrcrr'pto
252 5469 321 5526 aunt,
337 5471 430 5516 nostrae
449 5463 529 5518 edum
544 5460 742 5534 subscriptiones
762 5470 799 5518 tc·
849 5465 916 5535 rias,
944 5480 978 5522 ea
1004 5463 1104 5538 quibus
1128 5465 1161 5520 ad
1186 5479 1283 5522 noram
1307 5461 1485 5518 collationem
1498 5461 1649 5518 catltollcos

62 5571 99 5608 ur.
116 5553 185 5626 Lege
197 5552 236 5609 rel
249 5563 337 5624 putere
351 5564 378 5608 ut
391 5553 436 5608 tili
449 5553 568 5626 luuntur
581 5571 591 5610 .·
605 5564 631 5612 et
652 5567 712 5612 runc
731 5555 797 5628 elige
850 5559 1048 5631 provocabant,
1064 5573 1179 5632 rarisque
1192 5557 1340 5615 datbrrlicis
1352 5558 1552 5625 recusantium,
1563 5557 1649 5614 ricto-

62 5648 200 5704 luolum‘t.
849 5667 1011 5710 resecasse
1021 5651 1121 5709 stolide
1131 5649 1325 5725 glorinlnnnnr.

62 5757 106 5798 nte
120 5757 184 5798 curn
194 5755 277 5813 snper
290 5739 443 5800 incidissem
458 5741 484 5798 in
500 5741 567 5799 Acta
593 5741 700 5798 concilii
724 5740 797 5800 Gon·
886 5745 973 5802 Porro
986 5760 1068 5817 quam
1083 5747 1157 5800 ultro
1174 5757 1235 5800 sese
1259 5741 1407 5798 oiierelrant
1432 5741 1647 5811 llariminnistae,

62 5831 372 5902 linonolitdnisitctmdi,
387 5833 458 5906 qdod
473 5830 617 5892 iustiniani
632 5833 717 5892 nostri
729 5841 797 5892 tem·
853 5821 899 5912 qni
915 5838 1017 5912 repulsi
1036 5848 1111 5909 surrt,
1131 5848 1186 5895 tant
1199 5836 1296 5910 reliqui
1311 5835 1470 5911 Donatistae,
1485 5836 1530 5908 qni
1542 5835 1649 5895 resilis·
