3950 6317
89 269 119 328 tt
501 262 664 326 HISTORIA
681 259 984 330 cuntiittiilittitid
1004 265 1242 329 cotttnottts.
1637 272 1710 340 libb

95 384 237 458 protestati
258 392 332 452 ssnt,
348 390 378 440 ut
396 381 474 438 testis
488 389 529 440 est
553 379 696 438 Liberatus
707 375 849 450 Cartbagi-
864 381 890 450 Α
904 379 1065 442 tuloornarl
1077 384 1106 445 in
1120 384 1272 456 spitapltio,
1283 383 1466 456 eurinome
1477 384 1506 452 is
1518 385 1579 453 iore
1592 386 1712 459 ‘insinno

87 477 156 546 sets,
169 492 231 549 cup.
246 475 457 552 decimotertio.
903 473 1053 544 prostsbot.
1081 477 1179 536 Exstat
1205 476 1254 543 lib.
1278 495 1317 539 ιιι
1336 478 1398 537 eod.
1422 479 1517 544 titulus
1542 495 1581 538 ιιι
1597 480 1635 539 de
1651 479 1712 552 Pri

86 567 230 628 Postremo
243 577 274 638 et
293 567 360 628 iilud
375 564 575 624 commentum
589 573 643 632 est,
659 571 688 622 ut
704 563 853 622 omasum
903 565 1020 622 micerio
1032 575 1061 623 et
1079 570 1205 639 notoriis,
1219 572 1267 636 ubi
1287 571 1365 630 etde
1387 572 1506 639 tribunis
1522 574 1637 642 notoriis
1650 575 1710 646 ogi.

85 669 141 722 tum
161 661 289 734 egebant,
313 662 353 718 slo
374 658 561 718 llsrcellinum
583 656 654 730 luris
673 657 786 722 minime
805 663 852 720 out
903 665 956 714 tur.
981 658 1011 716 in
1033 659 1181 722 Theodosii
1196 662 1257 736 lege
1272 664 1405 736 scriptum
1426 675 1469 722 est
1490 682 1498 720 c
1517 663 1657 738 recepto
1671 674 1710 737 esi

84 755 115 814 ui
128 765 176 812 snt
193 754 268 812 dubii
280 755 413 814 arbitrum
427 752 512 811 luisse
526 769 534 808 r
550 759 578 810 et
589 751 653 814 loeti
665 751 757 823 potins
769 765 849 822 quom
905 759 1000 806 nostras
1026 751 1130 823 metatis
1168 755 1277 815 intentio
1303 758 1373 812 circs
1406 757 1567 830 nemmem
1604 773 1709 827 nemea,

83 851 117 907 ris
132 849 218 904 luisse
231 847 420 920 quesitorem,
434 853 462 904 et
477 843 587 918 quidem
608 844 789 916 cognitionem
810 843 851 899 illi
903 841 1007 900 Deinde
1018 845 1056 898 ¹iu
1081 845 1144 915 lege
1165 846 1266 904 Leonis
1281 847 1349 920 lmp.
1366 847 1528 913 Proeclorcru
1549 847 1710 920 nobilemque

82 943 139 1000 tius
152 955 234 1012 quam
255 939 475 1011 iurisdietionem
488 937 610 996 mandari
626 955 632 992 :
648 936 764 1008 denique
776 935 850 1008 judi·
903 937 1023 992 militium
1035 937 1216 1008 spectabilium
1231 941 1396 1003 tribunorum
1410 941 1583 1009 notariorum,
1603 941 1710 999 dirersis

132 1048 195 1090 curu
210 1031 326 1088 lormule
350 1031 408 1088 dori
422 1049 429 1086 :
445 1039 475 1086 ut
488 1030 554 1086 olins
575 1043 667 1086 rerum
683 1028 851 1100 priuatarum
902 1029 1086 1098 beneficiorum
1100 1030 1185 1086 titolis
1196 1032 1361 1091 mumolum
1373 1034 1502 1090 credimus
1515 1041 1539 1090 et
1553 1033 1707 1105 sugendum.

80 1125 152 1184 lices
168 1125 264 1198 primii
286 1139 300 1180 a
324 1131 441 1196 pretore
455 1123 599 1183 dabantur.
622 1121 678 1180 Sed
693 1136 781 1194 neque
807 1121 851 1180 ltie
904 1121 1039 1183 tidenter
1062 1123 1090 1178 iri
1103 1124 1204 1180 notarii
1228 1124 1313 1180 luisse
1327 1124 1373 1194 gui
1392 1125 1709 1184 nonenicommsecre

79 1219 144 1278 dero
165 1217 251 1274 soluit
263 1215 449 1284 ilsreelliuus,
464 1215 554 1272 nisisi
569 1213 722 1272 assiderent
731 1215 849 1272 collocu-
902 1213 964 1270 tsrii
975 1229 1071 1286 regum
1092 1214 1119 1272 in
1134 1214 1234 1272 Gallia.
1247 1214 1427 1282 Theodosius,
1440 1216 1468 1272 in
1481 1216 1501 1272 l.
1513 1232 1553 1273 su
1566 1214 1597 1278 C.
1612 1217 1648 1277 de
1657 1234 1706 1276 ess

78 1325 143 1368 res:
165 1324 228 1366 cunt
248 1316 338 1365 tamen
353 1308 380 1363 io
393 1306 498 1378 judicio
509 1304 584 1363 cirili
597 1307 674 1362 solus
696 1305 790 1366 sedest
806 1305 851 1378 iu-
901 1321 961 1366 cos.
985 1324 1072 1365 mou:
1096 1307 1212 1377 Notarii,
1239 1308 1338 1380 inquit,
1352 1309 1434 1366 nostri
1458 1310 1601 1366 osortiidis
1619 1327 1708 1370 mune-

77 1421 111 1472 ιι,
124 1413 199 1460 more
211 1409 302 1460 autem
313 1400 461 1473 iubeantur
474 1401 635 1474 litigatores.
651 1402 772 1474 lienique
787 1418 850 1475 pro·
901 1399 975 1456 ribus
988 1409 1152 1458 acuuntur.

77 1506 173 1564 stator,
189 1497 261 1570 ouod
276 1493 509 1554 Constantinusin
530 1494 641 1554 Nicerao
653 1495 771 1552 concilio
786 1509 851 1568 pro-
936 1496 1032 1564 Qualis
1042 1504 1135 1554 autem
1149 1504 1324 1568 comtusque
1345 1495 1387 1552 sir
1406 1494 1491 1554 luerit
1510 1494 1556 1553 bie
1575 1494 1708 1556 tlarcettu

76 1599 162 1649 status
185 1601 244 1650 erat
265 1591 365 1648 sedeas
389 1591 417 1647 in
437 1590 493 1647 imo
507 1587 647 1648 subsellio.
666 1590 698 1646 lit
715 1599 805 1651 tamen
819 1597 850 1646 ut
901 1604 964 1658 runs,
985 1604 1067 1661 guam
1090 1605 1186 1661 equus
1209 1583 1324 1658 n'rbiter,
1344 1604 1428 1661 guam
1441 1589 1706 1662 moderetusiudes,

75 1687 165 1746 ollstio
178 1685 286 1742 diuersa
301 1683 352 1740 luit
364 1683 413 1740 ebs
427 1683 528 1740 lorensi
541 1683 631 1754 aliquo
638 1682 752 1754 judicio,
767 1683 849 1740 sicet
900 1683 957 1754 ipso
972 1682 1053 1752 buius
1068 1681 1233 1738 cnttottonis
1250 1689 1310 1739 acta
1322 1682 1422 1740 meiius
1435 1681 1567 1743 indicent.
1582 1682 1707 1744 Dicerem

74 1785 86 1838 b
107 1779 298 1838 Ecclesiastico
311 1779 439 1846 concilio,
461 1779 488 1833 in
501 1793 556 1850 qrro
571 1778 659 1849 potios
669 1773 775 1847 judices
786 1785 850 1836 sunt
863 1786 887 1850 n
900 1774 973 1846 quod
987 1774 1101 1833 Orosius
1112 1773 1190 1842 dicit,
1205 1775 1293 1831 virum
1304 1773 1437 1846 imprimis
1451 1775 1612 1847 prudentem
1623 1775 1707 1837 luisse

73 1873 192 1930 tristiter.
213 1872 300 1942 Quam
321 1880 414 1928 autem
426 1871 556 1939 demisse,
578 1879 775 1941 temperanter,
790 1887 849 1930 mo
900 1875 928 1924 et
945 1866 1123 1935 industrium,
1144 1867 1323 1940 omniumque
1342 1868 1478 1929 bonorum
1490 1867 1643 1942 studiorum
1656 1884 1707 1942 sp-

72 1977 137 2030 este,
151 1965 194 2020 ltin
215 1979 245 2022 se
257 1963 376 2035 gesserit
389 1961 580 2032 llareellinus,
597 1971 658 2020 acts
679 1960 737 2034 ipsa
752 1962 850 2020 melior
883 1963 1132 2032 potentissimum.
1151 1963 1206 2019 Sed
1218 1963 1300 2020 unius
1312 1963 1456 2035 Augustini
1471 1963 1629 2023 testimonio
1640 1978 1706 2022 eou-

72 2058 204 2114 steudent.
224 2055 331 2116 Nullam
354 2063 446 2112 sotem
470 2053 515 2112 bic
537 2053 596 2110 llcri
611 2055 777 2112 mentionem
792 2055 851 2128 epi·
900 2063 992 2112 temus
1007 2070 1081 2122 suro,
1096 2064 1127 2114 ut
1146 2055 1298 2128 intelligam
1313 2057 1401 2114 sirum
1421 2071 1564 2130 magnum,
1580 2057 1703 2130 etiuris·

70 2152 128 2222 coni
141 2149 330 2217 nomentum
342 2148 497 2216 moranum,
512 2146 707 2220 neomesiam
719 2147 786 2216 dixi.
798 2162 846 2206 ex·
898 2150 1183 2224 constructurum
1202 2149 1349 2222 procantu
1370 2150 1466 2220 toute.
1482 2150 1597 2225 mutuis
1609 2153 1703 2226 Augu·

69 2245 158 2302 tendet.
171 2243 326 2300 Eumoertc
339 2241 572 2300 reveremnturet
584 2239 847 2308 observabantur,
898 2244 988 2300 stinus
1010 2243 1046 2300 ed
1060 2259 1122 2300 eum
1136 2258 1192 2300 non
1207 2243 1296 2303 solum
1318 2243 1405 2304 libros
1418 2244 1636 2317 depectentomm
1650 2247 1706 2304 lle·

68 2339 155 2393 unmsi
171 2338 197 2393 in
211 2337 330 2394 concilio
342 2335 497 2392 llilevitaoo
511 2344 539 2395 et
553 2333 771 2406 Carthaginensi,
785 2347 849 2392 com
901 2337 960 2392 ritis
972 2335 1468 2410 etumttssioneconustetagimos,
1480 2346 1510 2400 et
1520 2339 1556 2397 dc
1566 2339 1669 2414 Spiritu
1678 2350 1707 2409 ot

67 2445 124 2486 rrum
146 2432 172 2486 in
193 2439 309 2502 unoque
328 2429 492 2486 sementiam
507 2427 542 2488 de
561 2426 715 2501 Pelagisnis
734 2425 769 2484 nd
785 2441 848 2486 euru
899 2427 1021 2488 Littera:
1038 2429 1130 2486 sedet
1149 2430 1350 2491 eruditissimos
1373 2431 1484 2495 illosde
1506 2432 1623 2498 Ciuitate
1641 2435 1705 2508 liei,

66 2526 215 2594 etulissent,
239 2525 367 2582 dicamur
386 2522 581 2583 transmarinas
606 2520 707 2592 alioqui
728 2520 848 2592 appella-
898 2521 1043 2580 inchoatos
1063 2524 1218 2595 paulopost
1233 2521 1330 2584 urbem
1351 2536 1471 2598 ceptam,
1489 2527 1542 2585 lrcc
1563 2531 1704 2599 concines

65 2633 135 2675 torres
149 2617 311 2674 inhibuisse.
325 2616 381 2674 Sed
394 2630 482 2688 noque
494 2609 766 2686 pretereunonu'cst
776 2614 849 2686 guod
898 2624 1006 2687 tempus
1026 2616 1188 2675 Collatinus
1206 2617 1431 2691 Carthaginensis
1447 2638 1453 2673 :
1470 2620 1518 2679 ssd
1532 2627 1561 2677 et
1572 2621 1704 2692 epistolas

66 2715 201 2780 bsertout,
215 2729 271 2785 quo
292 2721 416 2783 tempore
439 2711 497 2767 hmo
511 2707 632 2770 Collatio
646 2709 780 2781 postulem
794 2717 846 2776 est.
899 2708 967 2768 duos
981 2709 999 2767 tt
1011 2719 1046 2773 ‚et
1062 2710 1088 2778 7,
1104 2726 1139 2767 ex
1163 2711 1263 2781 onibus
1275 2721 1399 2783 appensi,
1425 2708 1454 2768 io
1467 2711 1555 2780 media
1570 2713 1640 2786 reip.
1653 2729 1704 2786 gu·

64 2819 219 2878 otempore
233 2805 423 2865 innocentium
435 2804 592 2876 episcopum
608 2803 700 2871 Rom..
719 2802 849 2869 llrbeabs
899 2803 1063 2863 hernstione
1078 2803 1266 2865 llareeliinum
1281 2805 1315 2863 dc
1328 2804 1463 2878 religione
1479 2805 1613 2878 imprimis
1627 2807 1704 2869 solli·

62 2901 243 2972 iotblscapto,
257 2901 337 2970 longe
349 2897 421 2955 eliud
433 2898 504 2954 dorni
516 2895 728 2967 habuissequod
741 2906 845 2968 egeret.
898 2895 981 2958 eitum
1006 2895 1103 2964 luisse,
1128 2908 1157 2954 et
1180 2897 1373 2966 subtilissimas
1396 2899 1480 2968 etiam
1499 2898 1527 2954 in
1550 2913 1586 2962 ec
1600 2914 1703 2972 genere

61 2997 80 3051 tt
98 2996 162 3068 quid
178 2996 202 3052 si
216 2994 304 3052 dicam
317 3010 378 3052 eum
394 2994 551 3052 ilonoriano
564 2992 699 3065 rescripto
712 2989 846 3052 mandute
898 2991 1064 3059 questiones
1073 2990 1261 3048 intellexisse:
1278 2992 1335 3051 imo
1348 2992 1492 3064 quemdam
1517 2992 1602 3053 ueluti
1621 2996 1703 3072 limet*

60 3090 206 3146 iollstionis
220 3089 303 3146 ueluti
314 3087 527 3158 subscripsisset
540 3085 742 3146 derteOrosius
755 3093 848 3142 uorrat
899 3079 1007 3142 διώκτην
1022 3082 1117 3155 luisse,
1134 3084 1180 3154 qui
1195 3083 1376 3155 Augustiaum
1393 3084 1618 3152 incitaretldde
1630 3087 1703 3160 eius·

62 3199 107 3240 out
123 3185 262 3241 lineormoe
284 3183 378 3250 luisse,
394 3198 448 3255 quo
470 3192 592 3254 tempore
606 3182 721 3238 Romam
741 3181 881 3246 inesse-c
898 3175 961 3234 dem
975 3176 1118 3249 Augustini
1131 3178 1165 3237 ad
1182 3193 1245 3234 cum
1259 3177 1390 3248 epistolas
1413 3178 1493 3248 dnae,
1510 3179 1563 3250 158
1581 3188 1612 3252 et
1631 3177 1702 3260 tet,

61 3287 108 3334 utu
131 3276 225 3338 Gonni.
254 3275 284 3334 st
311 3285 375 3332 tono
390 3277 525 3332 novenum
544 3275 603 3342 luit,
621 3273 672 3332 luit
695 3289 756 3332 eom
778 3273 845 3345 lmp-
899 3271 945 3328 ubi
960 3287 1069 3344 uinoque
1083 3272 1215 3345 scriptum
1228 3283 1282 3342 est,
1295 3287 1394 3333 causes
1415 3272 1622 3344 Ecclesiasticus
1642 3274 1703 3351 eius

60 3371 177 3426 lonorio.
195 3368 330 3441 Adjioism
340 3369 413 3442 quod
428 3367 515 3439 magis
528 3367 622 3425 mironi
632 3367 729 3445 uliquis
743 3374 861 3448 posset,
898 3366 1068 3424 excellentias
1083 3367 1258 3438 potissimum
1277 3366 1414 3439 iniunctae
1433 3366 1529 3431 luisse.
1553 3367 1613 3430 Non
1627 3377 1697 3438 erat,

60 3463 164 3521 lelicern
181 3462 339 3536 quemdam,
359 3461 405 3534 quoi
428 3475 458 3518 se
481 3459 556 3520 urbis
578 3458 673 3518 llomse
691 3460 847 3532 episcopum
900 3470 929 3518 ut
943 3461 990 3518 ille
1002 3461 1072 3534 epod
1088 3459 1251 3523 Ciceronem
1263 3460 1395 3529 ridiculus
1408 3461 1441 3523 L.
1454 3459 1569 3528 Gellius,
1584 3461 1701 3536 guisum

60 3573 106 3616 sse
117 3559 250 3630 iactabor,
262 3558 289 3614 in
301 3555 582 3614 boscoilntleuecum
593 3554 847 3623 nonatististotssc,
899 3555 927 3612 in
938 3554 1032 3612 Asiam
1047 3555 1146 3623 iturus,
1157 3553 1281 3612 itherus
1298 3553 1431 3623 uenisset,
1451 3557 1629 3627 putaritsese
1642 3565 1700 3618 stez

62 3661 104 3708 rto
120 3652 294 3724 signilioant,
309 3649 354 3706 nbi
367 3658 394 3706 et
410 3649 532 3706 Romans
545 3649 637 3704 neseio
648 3663 708 3720 nurse
719 3647 848 3704 nobilitas
899 3649 946 3704 tim
962 3662 1058 3712 omnes
1069 3648 1191 3709 omnium
1212 3647 1454 3719 Philosophorum,
1470 3665 1539 3722 goos
1560 3650 1595 3709 sd
1608 3665 1640 3708 ss
1652 3667 1701 3717 so-

62 3746 126 3801 imul
152 3744 252 3800 edesse
268 3742 377 3800 dicitur.
394 3741 447 3798 Sed
469 3742 593 3811 suspicor
616 3742 734 3811 silonem
759 3739 848 3798 [ione-
899 3741 981 3806 ceuit,
995 3742 1198 3798 mutrosersias
1207 3742 1296 3803 obiter
1304 3741 1421 3803 delinire
1435 3757 1525 3814 posse,
1534 3758 1596 3805 cum
1608 3755 1700 3812 tamen

59 3838 136 3892 istam
163 3834 437 3909 pseudoepiscopum,
461 3827 507 3904 gni
523 3831 850 3898 liommsnislionatistis
900 3848 934 3888 ne
954 3848 1004 3889 eos
1018 3833 1126 3903 quidem
1140 3833 1315 3906 intelligeret.
1338 3834 1625 3904 Nosterliarcelliuus
1645 3853 1702 3905 pon

60 3927 235 3986 lontenslbus
253 3929 295 4003 iul
319 3927 356 3986 ibi
371 3924 588 3999 appellabantur)
611 3923 765 3997 prolueret,
781 3925 850 3992 urbe
899 3926 983 3984 divini
1007 3928 1201 3998 minos'quam
1226 3927 1337 3994 ltrrmsni
1359 3929 1428 4001 iuris
1452 3930 1556 3999 peritus
1573 3939 1643 3998 erat.
1666 3933 1703 3991 lit

60 4035 135 4095 apta,
159 4021 265 4080 Gothos
281 4019 427 4094 lugientem
441 4035 504 4078 cnut
524 4019 581 4076 suis
600 4019 628 4076 in
647 4017 768 4076 utrium
791 4028 847 4076 tra·
899 4037 966 4080 sero
981 4021 1051 4078 tales
1061 4020 1270 4094 iurisconsuiti,
1287 4022 1364 4088 tales,
1380 4023 1502 4093 inquam,
1518 4023 1622 4094 politici
1636 4025 1703 4096 uiri,

60 4118 158 4184 coisse,
174 4126 203 4174 et
224 4129 285 4173 sese
306 4113 450 4172 Collntioni
473 4112 691 4186 Carthaginensi,
715 4113 743 4175 in
766 4129 848 4186 quam
899 4125 954 4174 tam
969 4116 1044 4190 digni
1066 4125 1138 4184 sunt,
1162 4116 1261 4187 quibus
1281 4118 1340 4172 nmo
1353 4129 1420 4174 curs
1444 4116 1598 4186 mandetur,
1618 4133 1701 4189 guam
1808 4133 1814 4142 ¹

60 4221 119 4268 orte
133 4210 242 4275 insidit,
257 4209 354 4280 cupide
375 4216 403 4268 et
417 4209 562 4266 ambitiose
576 4207 766 4266 immiscuisse.
781 4207 851 4268 Nam
900 4209 980 4282 huius
995 4211 1127 4282 temporis
1146 4208 1276 4282 profanos
1289 4210 1381 4276 neseio
1398 4225 1468 4280 onos
1480 4208 1621 4282 Ulpianus,
1636 4212 1702 4272 reli-

60 4313 73 4357 t
99 4301 251 4360 bonatistis
270 4302 430 4374 tempestive
453 4299 619 4359 submissum
639 4297 782 4359 ridebatur
796 4300 849 4359 tale
899 4305 987 4376 gioois
1001 4305 1127 4365 irrisores
1149 4314 1178 4362 et
1199 4304 1414 4376 proculcatores,
1438 4306 1528 4377 potius
1542 4321 1624 4378 qoem
1637 4322 1704 4379 pros

63 4396 193 4452 uxilium.
900 4409 1052 4469 curatores,
1066 4400 1189 4460 licclesis
1202 4400 1303 4459 Christi
1315 4401 1413 4461 merito
1429 4412 1597 4462 exsecrator.
1610 4403 1704 4475 ringor·¹

82 4487 172 4546 Porro
184 4503 246 4545 oum
260 4485 384 4546 audimus
397 4483 581 4550 iiarceilinuni
596 4483 734 4540 tribunum
750 4493 778 4538 ot
799 4496 848 4539 nc·
900 4489 999 4556 stiuns,
1010 4491 1092 4559 epist.
1107 4491 1142 4546 50
1155 4491 1188 4546 ad
1200 4491 1367 4548 Bouilseium
1381 4494 1508 4549 comitem
1524 4493 1647 4564 elusio,
1660 4499 1705 4559 in-,

60 4584 147 4640 urluut
161 4581 302 4654 prmiuisee
316 4579 380 4638 buis
396 4578 553 4645 Gottsumn,
567 4576 744 4648 intelligimus
759 4574 847 4634 uirum
862 4569 969 4652 unit,
984 4591 1009 4636 et
1022 4581 1151 4655 proteum
1166 4589 1190 4639 et
1202 4581 1329 4650 adorirer,
1342 4584 1382 4652 fib·
1395 4583 1702 4658 diiectissimcbonildri,

60 4677 202 4748 spientem
222 4686 248 4732 et
263 4674 430 4747 religiosum,
446 4684 473 4730 et
489 4681 623 4744 potestate
644 4687 739 4742 mogus
754 4670 851 4741 praedi·
903 4671 972 4744 qaod
986 4671 1051 4727 inter
1062 4688 1140 4729 esras
1152 4670 1311 4736 heliororum
1321 4689 1452 4740 nemorum
1462 4677 1622 4742 epimonem
1634 4679 1706 4749 opt,

60 4786 118 4837 urm,
144 4770 331 4842 magistr-etun
345 4767 408 4826 dieo
423 4766 599 4839 spectabilem
621 4771 649 4820 et
669 4761 849 4822 clarissimum
904 4763 980 4822 dores
991 4781 1021 4822 eo
1031 4781 1116 4834 nosse,
1131 4781 1188 4836 gum
1200 4764 1249 4823 liei
1259 4776 1330 4832 sont.
1345 4767 1398 4832 Sed
1408 4780 1511 4839 guanto
1523 4772 1608 4841 magis
1621 4771 1649 4827 id
1662 4772 1705 4832 oi

60 4882 126 4922 nom
139 4865 216 4922 laisce
230 4866 316 4932 titulis
330 4864 496 4920 ornabantur
509 4863 608 4918 tribuni
625 4859 733 4927 notorii,
748 4867 777 4916 et
796 4859 852 4916 Αιι-
904 4871 965 4912 cere
987 4857 1075 4928 potnit
1087 4858 1122 4914 de
1136 4856 1294 4916 blerceliino
1309 4859 1420 4930 togato?
1442 4861 1536 4924 liastm
1559 4869 1588 4923 et
1609 4861 1706 4927 liiero-.

60 4959 177 5022 :ustinus
194 4959 254 5029 ipse
275 4958 302 5013 in
322 4957 403 5028 epist.
424 4955 476 5014 titt
490 4965 518 5010 et
538 4955 600 5022 llio,
619 4954 653 5010 iis
676 4963 755 5010 ornet
781 4951 855 5020 hune
905 4951 980 5024 nymi
1001 4951 1116 5020 epistola
1131 4950 1166 5006 ad
1190 4950 1262 5009 laurio
1277 4951 1475 5020 Marcellinum,
1488 4968 1553 5024 oum
1571 4954 1651 5017 testis
1664 4965 1709 5023 est

60 5050 252 5124 lareellinum)
266 5065 375 5121 opernm
388 5049 499 5111 dedisse
514 5048 575 5109 huin
585 5047 742 5118 cognitioni.
754 5043 853 5105 'l'ribn-
906 5043 979 5100 brono
989 5045 1079 5102 uirum
1090 5044 1279 5107 subtilissimas
1291 5045 1421 5104 Ecclesie
1430 5046 1606 5118 questiones,
1621 5050 1707 5118 ueluti

60 5161 102 5202 tus
124 5145 208 5203 etiam
227 5153 256 5202 et
279 5144 403 5201 notarius
423 5143 506 5202 lrruse
527 5141 627 5200 dieitur
643 5139 774 5199 liuloitius
796 5139 851 5208 ille,
905 5138 940 5196 de
958 5140 1173 5212 ortgioeauimae
1185 5139 1499 5210 sollieitcproposoissc,
1512 5142 1585 5208 etad
1599 5141 1708 5212 discens

60 5243 94 5296 ui
111 5249 209 5310 postes
229 5239 257 5294 in
271 5239 362 5294 ulrice
378 5237 568 5294 demandstnru
583 5251 691 5306 quinque
706 5232 790 5292 lusisse
805 5248 855 5296 cur
906 5233 970 5290 doru
995 5235 1081 5306 magis
1101 5243 1224 5306 parotmu
1245 5234 1331 5299 luisse
1344 5251 1425 5305 tinam
1441 5242 1501 5295 erat
1524 5235 1707 5307 Hieronymus

60 5349 110 5388 aaut
140 5329 229 5403 legum
243 5340 271 5388 st
290 5331 443 5402 jussionum
459 5327 642 5400 imperialium
657 5335 751 5382 eontra
766 5326 857 5386 bonae
906 5327 966 5396 ipse
980 5326 1014 5382 ad
1036 5325 1274 5397 respondendum:
1290 5341 1323 5383 ae
1333 5341 1368 5381 rte
1386 5324 1440 5392 boe
1452 5323 1562 5394 quidem
1584 5324 1707 5402 studium

60 5430 134 5486 ‚istos
151 5425 246 5482 scribit
268 5425 381 5494 August.
398 5422 433 5478 lit
448 5423 587 5485 umbros..
607 5422 633 5474 in
656 5419 737 5490 epist.
754 5419 800 5483 ot,
818 5419 856 5480 sit
908 5419 1049 5477 remisisse
1062 5419 1090 5476 in
1106 5419 1192 5475 medio
1215 5420 1282 5488 reip.
1304 5414 1522 5488 perturbatione,
1535 5431 1597 5476 eum
1611 5416 1708 5474 litero·

60 5523 169 5576 nissum
196 5515 229 5570 od
245 5529 275 5570 se
298 5529 360 5572 esse
379 5513 413 5570 ob
426 5511 526 5584 imper.
541 5510 732 5573 Valentiniano
747 5509 855 5567 llalrttn·
909 5512 1045 5582 nymusei
1065 5511 1230 5575 rescribens,
1243 5508 1359 5566 intentur
1372 5521 1435 5563 sese
1448 5507 1524 5564 urbis
1546 5508 1641 5569 Rome
1663 5523 1711 5571 naq

60 5617 124 5670 ‚iuro
139 5611 276 5668 tribunum
287 5618 315 5666 et
328 5607 474 5670 noterium.
486 5606 532 5678 oui
545 5609 579 5662 ad
590 5605 780 5662 eorrsistorinut
792 5619 858 5660 evo·
909 5606 1028 5662 statione
1040 5603 1183 5658 contusum
1198 5617 1254 5656 urm
1267 5614 1347 5670 posse
1361 5599 1460 5656 litteris
1470 5614 1582 5670 operam
1596 5599 1673 5656 dore.

60 5712 137 5764 toret
152 5701 324 5760 Ambrosium
340 5701 366 5758 iu
381 5713 464 5773 causa
479 5697 629 5770 religionis.
650 5697 761 5762 omitto,
775 5695 859 5760 ιὶιιιι·Ι
946 5699 1015 5756 Nolo
1036 5697 1088 5753 lroc
1102 5695 1163 5750 loeo
1178 5694 1328 5764 praeterire,
1341 5692 1413 5762 qnod
1429 5692 1488 5761 ipse
1502 5692 1671 5763 Augustinus
1682 5692 1713 5762 in

60 5797 176 5865 niernum
197 5800 303 5886 postem
325 5793 386 5872 opu
400 5792 542 5873 temporis,
558 5789 658 5868 tribuni
672 5797 701 5849 et
714 5787 812 5858 notarii
827 5789 862 5848 tie
912 5793 962 5856 tin.
983 5801 1045 5868 pust
1063 5787 1162 5851 colion
1176 5801 1237 5866 cop.
1258 5785 1307 5860 tt,
1327 5784 1377 5855 eit,
1394 5784 1548 5848 bonatistas
1567 5800 1583 5844 a
1598 5785 1717 5872 primate

1866 5916 1877 5948 Ι
