3950 6317
38 291 69 348 gt
571 283 675 342 stultit
696 283 727 344 ll.
750 281 962 342 TRbffl'fUS
980 283 1114 344 xxxvii.
1613 291 1666 354 itt

38 418 113 458 terror
127 400 288 472 precinctus
300 405 448 474 exspectat,
463 398 535 470 quod
550 401 653 467 unctui,
667 399 738 472 qrtod
754 408 811 456 ter·
825 403 852 464 Α
864 398 980 456 lacteum
996 399 1123 472 genitalis
1143 399 1224 456 tontis
1236 402 1269 456 att
1286 400 1392 458 laticem
1412 401 1554 460 convolate
1569 401 1609 477 (2)
1623 404 1666 460 in-

39 498 63 553 ui
72 513 137 568 opus
145 503 198 562 est,
212 495 384 566 praebituros,
398 493 445 550 sed
457 502 485 550 et
497 493 538 566 (5)
553 494 692 550 denarium
705 509 817 550 aureum
870 500 1040 557 cunctanter,
1055 505 1086 546 ac
1094 488 1200 548 fortiter
1214 493 1308 556 bibite,
1331 493 1394 550 dont
1409 493 1483 561 iicet,
1498 495 1669 568 superfluen-

38 589 129 660 riplicis
149 588 319 644 numismatis
341 583 439 644 uniotie
460 587 605 654 signatum.
627 583 749 642 Gaudete
763 585 816 640 ita·
870 586 905 642 tis
920 585 1008 640 antitis
1025 583 1105 640 ortua
1120 586 1245 656 subiecti,
1262 595 1319 644 toto
1332 587 1443 660 impetu,
1459 597 1571 662 totaque
1583 590 1670 646 dero·

38 697 81 751 tue.
98 680 126 736 ln
141 678 240 736 iontem
255 678 363 751 quidem
379 675 540 752 mnudi
554 675 595 752 (6)
609 677 815 750 demergemini,
869 677 1142 752 tionemtestra
1153 694 1216 736 rasa
1231 681 1345 752 replete,
1356 689 1501 754 utacmper
1511 683 1588 738 robis
1602 699 1671 756 aqua
1773 717 1777 724 -

39 773 69 829 eil
89 769 126 844 (7)
152 770 270 826 atberea
291 779 368 826 reste
386 767 494 836 restiti,
515 786 577 828 mos
597 768 732 826 candidati
752 769 816 826 inde
867 771 996 839 sufficiat,
1011 773 1062 828 truc
1074 780 1137 828 ante
1156 773 1248 828 omnia
1262 773 1394 839 scientes,
1411 773 1551 846 quialtanc
1568 791 1620 832 nec
1632 775 1671 832 ei-

39 863 151 936 urgetis;
174 877 254 934 quatit
278 863 322 932 qui
344 876 398 918 nou
421 861 566 931 petiuerit,
586 875 669 934 regna
691 859 813 919 coetestia
867 863 981 921 fundere
996 863 1070 932 licet,
1087 879 1138 922 nec
1153 863 1193 937 (a)
1207 877 1300 921 rursus
1315 864 1434 923 baurire.

38 955 183 1015 ossldebit:
198 970 247 1028 per
259 953 402 1011 Dominum
417 953 509 1012 lesum
522 954 671 1012 ebriatum.

237 1086 449 1147 TfleTATUS
463 1087 587 1146 XXXVf.

218 1201 259 1276 (1)
274 1203 396 1259 latitutio
408 1203 550 1277 adsuetam
563 1203 619 1262 tlt.

1089 997 1299 1057 anacletus
1318 997 1451 1058 xxxvii.

1045 1117 1084 1192 (1)
1107 1115 1229 1174 lutilatio
1248 1118 1283 1173 eri
1301 1121 1399 1190 fontem
1415 1117 1484 1176 titt.

905 1234 934 1290 to
948 1249 1001 1307 qua
1025 1234 1168 1306 perpaucis
1180 1232 1305 1304 additia,
1327 1235 1488 1306 quibusdam
1513 1239 1632 1308 mutatis,

59 1321 468 1394 Eia,tratres,quotbeutaaitis
478 1323 815 1395 exoptatusardurincen·
1006 1327 1182 1384 continentur
1195 1341 1227 1384 ea
1242 1343 1302 1400 quae
1317 1329 1344 1383 in
1362 1332 1544 1388 antecedenti.

38 1416 75 1483 tit,
97 1428 162 1488 quos
189 1413 312 1470 nectarei
336 1413 431 1471 tloeoti
455 1412 534 1472 dulce
561 1432 684 1474 murmur
707 1418 814 1486 inuitat,
906 1420 967 1488 Eia,
979 1419 1091 1488 fratrea,
1105 1435 1175 1492 ques
1192 1420 1279 1477 beatas
1293 1422 1353 1478 sitia
1371 1431 1516 1493 exoptatus
1534 1426 1615 1482 ardor
1626 1425 1672 1482 in·

41 1581 143 1649 ’ignorio
155 1578 181 1634 in
194 1581 391 1636 commentario
404 1580 438 1638 de
452 1579 545 1637 Sertis
562 1595 621 1650 pag.
639 1580 674 1636 58
687 1581 815 1636 seconde
870 1581 1021 1652 frequentia
1038 1580 1072 1636 ab
1091 1584 1220 1650 episcopo
1234 1581 1383 1641 liberaliter
1404 1584 1507 1652 datum,
1528 1603 1561 1644 eu
1582 1605 1670 1674 penu·

38 1653 143 1709 editionis
166 1651 304 1707 Patauinae
315 1662 367 1720 ,ut
386 1651 486 1707 exinde
507 1651 673 1708 balneatoris
694 1652 815 1708 otttcittm
870 1653 910 1706 ria
926 1663 956 1709 et
970 1661 1131 1723 paupertate
1151 1653 1284 1722 ejusdem,
1299 1654 1333 1711 de
1347 1672 1397 1728 qua
1413 1657 1477 1714 alibi
1490 1663 1566 1724 satis,
1584 1677 1672 1719 incre-

38 1725 142 1794 etptieet.
153 1722 294 1779 ltcmeutor
307 1733 368 1779 erat
380 1739 487 1789 terror,
502 1724 549 1794 qui
572 1723 675 1780 balneis
688 1733 815 1794 praeerat,
870 1723 955 1780 dibile
975 1726 1055 1794 piane
1073 1723 1124 1788 ait;
1140 1737 1250 1782 sanctus
1265 1737 1354 1792 autent
1376 1727 1449 1782 'Leito
1467 1731 1605 1801 allegoriis
1619 1733 1673 1790 frc-

41 1796 178 1864 ttoruntque
199 1796 295 1852 aulos
315 1795 505 1862 deserueram
527 1795 561 1850 de
574 1811 627 1864 qun
641 1795 717 1864 plura
740 1795 817 1851 Ursi·
833 1793 957 1866 qucua
974 1797 1098 1862 insistam
1120 1812 1172 1852 nott
1187 1797 1239 1852 nisi
1253 1798 1398 1870 allegorice
1411 1802 1531 1858 decorior
1545 1803 1597 1858 boc
1610 1806 1671 1862 loen

39 1882 75 1922 rus
87 1867 111 1918 io
123 1866 278 1934 appendice
288 1867 322 1921 ad
332 1865 506 1922 ciaccontom
518 1865 671 1923 defrielio.
680 1881 741 1938 pag.
753 1866 817 1935 159,
870 1867 1061 1938 intelligendos
1077 1877 1199 1939 apparet,
1214 1873 1243 1922 ot
1255 1869 1301 1924 itta
1315 1871 1417 1938 parlier
1429 1871 1549 1930 indicant
1559 1876 1669 1946 triplicia

38 1937 170 1993 bronurius
182 1947 248 1992 tom.
266 1953 294 1993 tx
305 1981 312 2000 ,
325 1953 385 2009 pag.
400 1937 465 2000 dli,
482 1937 632 1994 Salmasius
651 1938 678 1992 in
693 1937 816 2006 lampri-
835 1995 841 2002 ,
868 1939 1030 1993 rtuntiamutia
1053 1940 1146 1994 treione
1164 1939 1312 2011 aipuutom,
1333 1957 1395 2012 quae
1414 1942 1450 2000 dc
1473 1960 1538 2000 vcro
1556 1945 1669 2003 dcttario

38 2009 64 2064 lii
75 2008 245 2064 littrnmodum
261 2023 323 2079 cap.
335 2010 364 2078 ’1,
379 2021 406 2064 ct
417 2009 529 2136 aliiqui
545 2009 602 2064 fere
617 2008 668 2064 boc
678 2009 750 2064 idem
765 2009 814 2063 Ze·
868 2025 952 2064 aureo
971 2009 1042 2064 trattd
1059 2010 1145 2080 accipi
1165 2025 1244 2078 posse
1259 2011 1394 2070 ridetttttr.
1417 2013 1510 2086 ltaque
1527 2017 1671 2076 euebaris·

38 2080 101 2134 tmris
125 2080 307 2135 testimonium
333 2083 454 2136 omnium
479 2080 659 2137 carissimum
685 2083 814 2136 recitant.
869 2081 933 2134 tiam
946 2081 991 2136 aiii
1008 2081 1122 2136 tortasse
1136 2081 1296 2152 intelligent,
1311 2085 1432 2156 qoamitt
1442 2085 1553 2154 ferinunt
1568 2093 1668 2150 notitior·

38 2152 98 2206 ifonc
118 2150 241 2206 eumdem
262 2151 345 2207 ritum
367 2149 395 2207 in
415 2152 518 2208 balneis
533 2151 629 2208 iisdem
650 2152 706 2208 tere
726 2153 818 2208 verbis
868 2153 994 2208 traditam
1019 2163 1150 2210 memorat
1173 2151 1300 2210 arundus
1317 2153 1451 2214 lindensis
1475 2159 1618 2232 episcopua
1642 2165 1669 2220 tu

38 2231 152 2277 arctarat
172 2221 323 2291 Appuleius
344 2222 391 2277 tib.
408 2223 610 2294 tlfetamorpb.
628 2239 690 2295 pag.
704 2222 749 2291 19,
765 2224 817 2280 etsi
867 2225 982 2291 epistota
1003 2223 1035 2279 ad
1059 2223 1231 2280 lambertum
1248 2233 1315 2282 tom.
1329 2241 1357 2282 ιιι
1373 2226 1509 2298 spicilegii
1523 2233 1670 2303 petierunt

38 2294 182 2349 balneatoria
194 2308 295 2349 numen
312 2293 465 2349 reticescat.
488 2293 576 2358 lttieo,
600 2296 702 2366 inquit,
714 2298 818 2350 inuuere
868 2309 929 2366 pag.
954 2295 1006 2352 tlt
1019 2295 1173 2351 novissimae
1184 2295 1322 2366 editionis,
1338 2313 1386 2354 sert
1401 2301 1428 2354 itt
1440 2301 1543 2358 triadum
1557 2303 1670 2372 denarii,

38 2367 106 2430 eodo,
120 2367 187 2437 quod
202 2367 304 2432 unctui,
316 2364 386 2436 quod
398 2368 477 2422 terrui
486 2367 543 2439 ipae
558 2368 741 2436 preminiatro,
757 2383 816 2420 aer·
867 2373 897 2420 ut
909 2367 946 2420 ait
962 2365 1097 2422 lincurius
1114 2367 1160 2422 lib.
1176 2366 1231 2424 tde
1244 2367 1356 2426 Getnma
1380 2372 1484 2428 anime
1502 2388 1562 2446 cap.
1576 2375 1622 2441 66.
1642 2388 1672 2436 et

38 2438 93 2489 liant
107 2453 230 2491 enormem
243 2439 351 2492 etoeiem
363 2453 469 2507 operose
487 2436 585 2505 elfrico.
600 2437 816 2493 fodicattturau·
866 2436 992 2494 fortassis
1007 2447 1063 2493 tres
1084 2439 1199 2492 circutos
1218 2440 1250 2494 tri
1273 2440 1331 2496 licis
1352 2444 1525 2501 nomismatis
1541 2447 1670 2506 unionem

38 2520 80 2562 ient
98 2509 250 2563 balneorum
265 2509 404 2572 utensiiia,
430 2508 685 2579 videlieetaotpuila
702 2509 815 2576 olearia,
867 2506 1017 2565 referentes
1038 2509 1199 2564 euctraristia
1223 2455 1379 2568 eszibeltat.
1402 2515 1455 2570 Sed
1470 2528 1567 2586 preter
1588 2535 1668 2590 qoam

38 2590 57 2632 rt
69 2581 166 2635 tiernium
178 2581 303 2651 strigilis,
319 2597 352 2635 ac
365 2581 533 2644 linteamina,
549 2580 645 2651 quibus
656 2579 689 2633 ad
706 2589 815 2650 tcrgrn·
866 2581 939 2646 quod
952 2584 1009 2636 baec
1023 2581 1157 2650 sequioris
1172 2581 1258 2640 ntultu
1271 2583 1360 2638 aetatis
1372 2593 1435 2640 sunt
1458 2587 1623 2656 testimonia,
1638 2591 1667 2650 S.

38 2652 201 2707 dnmteterca
221 2653 378 2709 utebantur.
402 2651 490 2706 Porro
510 2651 562 2708 troc
576 2655 603 2707 itt
623 2661 737 2707 tractatu
757 2651 816 2704 bat·
867 2650 942 2706 'detto
965 2659 1043 2706 tract.
1067 2649 1112 2717 tt,
1139 2651 1238 2708 denarii
1253 2651 1288 2708 ita
1311 2657 1445 2722 otentioit,
1468 2664 1498 2712 ut
1518 2659 1552 2712 ab
1571 2663 1670 2718 enoba-

38 2725 138 2777 oeatoris
158 2724 267 2779 nomine
289 2724 476 2792 metaphorice
498 2724 649 2794 Episcopus
668 2721 816 2793 significari
867 2723 961 2778 ristico
980 2736 1048 2792 pane
1064 2722 1139 2777 iilum
1154 2724 1219 2779 satis
1240 2723 1402 2796 distinguat:
1425 2727 1487 2783 vide
1504 2729 1604 2788 ibidem
1622 2731 1670 2788 atl-

38 2794 136 2862 rifetnr,
156 2795 201 2867 qoi
213 2797 290 2851 sotus
305 2796 472 2864 baptizaban
497 2796 621 2866 baptismi
642 2795 714 2848 enim
734 2793 817 2850 lotio·
868 2803 926 2847 not.
940 2794 974 2850 t8
986 2804 1015 2849 et
1025 2793 1070 2848 19.
1085 2794 1180 2849 liebus
1194 2793 1306 2852 forsitan
1323 2799 1590 2876 intelligiturgratia,
1607 2821 1667 2874 qun¹

38 2881 87 2918 nent
99 2866 243 2921 suttbatnei
261 2868 379 2936 imagine
398 2866 458 2921 licie
478 2869 576 2937 respici
589 2864 815 2921 verisimillimum
866 2863 967 2935 triplici
1004 2877 1174 2921 sacramento
1194 2867 1382 2938 baptismatis,
1408 2872 1620 2931 cttrtfirmationis
1641 2886 1671 2934 et

38 2947 78 2992 est.
92 2937 219 3008 baptisma
229 2938 342 3010 quidem
354 2941 544 3003 uttctio=acra,
562 2943 638 3004 ettjos
653 2950 748 2992 auctor
760 2953 816 2991 mc·
868 2937 1038 2992 eucharistius
1065 2937 1143 2991 simoi
1166 2937 1266 2994 collato
1289 2941 1384 2995 eodettt
1409 2942 1454 2997 die
1479 2945 1668 3006 liberalissime

38 3009 111 3076 otinit,
131 3011 224 3078 partim
245 3010 369 3082 praeibat,
394 3011 490 3077 partim
511 3011 682 3080 repraebetur.
699 3007 816 3064 Pretium
867 3009 1068 3064 coniciebatur.
1088 3008 1141 3064 Sed
1162 3009 1292 3082 quidquid
1315 3013 1348 3068 de
1369 3017 1481 3082 mystica
1502 3017 1668 3089 interpreta-

38 3080 82 3146 iita,
96 3096 143 3151 qna
161 3095 254 3151 peetus
268 3089 299 3137 et
324 3083 395 3136 iuter
411 3080 535 3152 scapulas
549 3080 649 3146 battiti,
665 3079 753 3137 Gracci
767 3095 816 3135 au·
868 3080 942 3135 tione
965 3079 1114 3150 intelligas,
1142 3081 1229 3136 adime
1255 3083 1384 3140 denarios
1405 3085 1504 3156 aliquis
1529 3105 1581 3146 una
1605 3107 1668 3148 eunt

38 3158 81 3203 tettt
95 3161 172 3206 totoni
192 3169 293 3224 corpus
318 3154 469 3222 tingettant;
491 3153 552 3207 uide
567 3153 689 3208 bfarteue
710 3163 778 3220 part.
795 3168 813 3215 t,
828 3177 851 3240 C
868 3151 1029 3222 baptismate
1052 3151 1166 3206 traditus
1187 3153 1238 3210 dici
1256 3165 1356 3224 petest,
1380 3158 1425 3226 tpoi
1449 3169 1540 3218 tanten
1560 3177 1592 3218 eu
1609 3165 1669 3222 suto

38 3222 77 3276 tib.
90 3239 107 3285 ι,
119 3239 175 3295 cap.
193 3225 217 3289 l,
229 3232 282 3280 art.
302 3225 345 3287 lb,
361 3239 436 3279 num.
453 3224 498 3278 lb.
514 3225 762 3296 Sequebaturrero
774 3224 814 3278 al·
867 3226 982 3294 mystico
1004 3239 1085 3277 sensit
1101 3232 1199 3279 'curetes
1216 3235 1242 3280 ct
1260 3227 1371 3298 triplicis
1392 3227 1556 3287 ttutttt‘amutt'a
1574 3235 1669 3294 unione

38 3302 93 3356 tem,
107 3307 162 3363 quaa
176 3305 239 3352 ante
255 3295 347 3352 albam
366 3305 470 3352 testem
490 3297 663 3367 repetebatur
677 3294 702 3349 in
718 3296 815 3366 capitis
866 3296 983 3367 aiptruma
1012 3293 1101 3348 fucrit.
1128 3293 1191 3350 tire
1222 3311 1269 3364 per
1296 3313 1400 3354 merant
1430 3303 1666 3376 conjectationem,

38 3367 140 3431 uertice,
162 3376 259 3438 preter
283 3367 374 3432 illam,
400 3382 461 3437 quae
477 3381 545 3422 utor
565 3367 723 3431 calatebutor,
752 3381 814 3422 com
866 3381 1186 3449 quantproponere,n0u
1203 3367 1668 3436 affirmarcintendiutos.tibime-

39 3435 169 3501 btptiaatos
190 3440 282 3495 statim
308 3453 386 3494 sacro
407 3439 555 3494 cbrisutate
584 3439 812 3505 cottiirmnbatur3
867 3437 1109 3508 lteraeteogitent,
1127 3439 1188 3493 etsi
1206 3439 1586 3516 tqttidprobabilioaefferant,
1609 3465 1669 3508 ant·

39 3505 90 3561 tide
109 3519 226 3564 auctoris
247 3509 321 3581 apud
336 3510 462 3564 eumdem
486 3508 607 3564 lfartmte
631 3510 690 3565 leco
706 3510 815 3564 landam
867 3507 953 3564 babos
970 3507 1042 3562 ulnis
1057 3509 1234 3576 excipiemus.

38 3586 79 3632 art
92 3579 130 3646 15,
146 3597 214 3636 oum.
227 3583 246 3637 2
259 3591 290 3637 et
302 3582 345 3636 11.
361 3581 395 3637 lt
409 3579 479 3636 forte
493 3580 545 3634 alia
557 3582 625 3636 lotio
638 3581 750 3650 intelligi
765 3595 813 3650 po·
904 3578 943 3664 (6)
955 3579 1005 3634 lfa.
1021 3579 1098 3634 item.
1111 3579 1278 3654 demerqetia,·
1295 3583 1385 3640 careri
1399 3599 1458 3650 curu
1475 3585 1555 3644 oditis
1569 3589 1669 3648 deuter-

39 3658 90 3715 test,
100 3666 147 3721 qua
158 3655 255 3708 alicubi
270 3662 335 3707 ante
345 3653 491 3722 baptisma,
512 3653 686 3708 aticubirero
700 3661 761 3720 post
776 3653 815 3705 ta*
866 3651 946 3723 pitta,·
964 3659 1110 3722 utrumque
1132 3665 1283 3724 perperam,
1305 3664 1384 3726 atqoe
1405 3655 1548 3727 legendum
1568 3662 1669 3720 denter-

39 3722 153 3778 rabaotor
184 3724 409 3795 baptizandorum
431 3737 479 3778 seo
501 3724 701 3796 neophytorum
721 3721 814 3793 pedes,
866 3723 979 3794 partini,·
995 3723 1039 3791 iqui
1061 3723 1134 3777 cuitu
1156 3739 1203 3792 per
1220 3723 1423 3784 immersionem
1445 3730 1598 3802 baptizabat
1619 3735 1669 3791 ali-

39 3800 61 3844 et
73 3799 259 3866 nonnumquam
275 3804 373 3865 eaput,
388 3797 424 3850 de
435 3809 489 3866 qno
503 3796 556 3850 ritu
568 3796 698 3866 legendus
713 3810 817 3849 tuerno-
866 3803 958 3866 quent,
982 3795 1005 3848 is
1020 3795 1169 3868 immergere
1182 3795 1372 3865 baptizantium
1388 3799 1506 3870 dicitur,
1520 3801 1565 3860 bic
1576 3817 1668 3864 aotem

39 3871 102 3918 ratus
113 3877 200 3922 auctor
212 3877 264 3923 art.
278 3869 325 3933 15,
342 3883 416 3922 num.
433 3868 459 3931 1,
470 3877 496 3922 et
508 3873 559 3921 art.
574 3867 618 3931 tt,
634 3882 708 3921 oum.
722 3865 749 3922 8.
760 3865 815 3922 Sed
867 3866 990 3937 demerpi.
1008 3863 1100 3922 Ntttlos
1114 3881 1197 3936 porro
1211 3865 1305 3934 titisse,
1317 3871 1361 3940 qui
1375 3871 1505 3942 baptisato
1517 3881 1668 3950 suscepturi

40 3948 89 3987 etun
108 3938 157 4004 itta,
177 3955 235 4008 quat
255 3939 484 4009 praemittebatur,
509 3937 606 3994 diebus
625 3938 728 4009 aliquot
747 3939 814 4010 bap·
867 3937 1100 4008 immergebantur
1112 3942 1138 3993 in
1156 3939 1269 4006 fontem,
1284 3943 1468 4012 pervulgatum
1483 3955 1535 4000 est.

41 4007 124 4062 tisinati
141 4011 317 4078 precelleret,
333 4021 359 4065 et
377 4010 450 4064 torte
464 4011 545 4065 etiattt
561 4010 588 4064 in
602 4025 652 4064 usu
667 4019 751 4080 essct,
769 4011 815 4064 ubi
903 4009 943 4082 (1)
957 4007 1154 4065 innocontimet
1166 4013 1257 4082 gratiae
1272 4020 1373 4068 restent
1389 4015 1449 4072 bete
1465 4015 1576 4075 iudicari
1591 4030 1666 4092 patet

41 4091 84 4128 trun
95 4081 192 4148 rigebat
208 4083 297 4138 attera
318 4090 378 4152 post
392 4081 543 4150 baptisma;
560 4080 621 4135 bele
639 4093 729 4136 autent
744 4081 815 4150 apud
866 4095 900 4138 et
929 4081 970 4136 bis
988 4097 1048 4151 quac
1068 4095 1229 4152 sequuntur,
1245 4101 1321 4156 qoem
1334 4085 1377 4152 qni
1391 4103 1442 4140 iton
1456 4088 1590 4159 polluerit,
1612 4103 1666 4150 etc.

40 4145 159 4207 boontem
176 4153 362 4210 serntositde
377 4153 490 4217 lotione,
511 4167 573 4222 quar
590 4153 614 4208 si
626 4151 734 4208 diuersa
752 4155 815 4209 sita
867 4163 896 4206 ut
911 4167 946 4207 ne
966 4161 1055 4208 taruco
1073 4155 1233 4210 eteiudatur
1251 4157 1311 4210 atita
1331 4159 1426 4224 testis,
1444 4175 1503 4228 quae
1525 4161 1669 4232 baptizatis

41 4219 192 4289 baptismate,
206 4225 304 4281 eodem
320 4235 410 4280 tattaen
425 4225 469 4280 dic
482 4224 687 4296 perficiebatur3
700 4224 755 4294 jam
770 4225 815 4280 itta
868 4223 1004 4294 imposita,
1025 4225 1186 4282 innocentiae
1205 4227 1337 4298 eugratiae
1353 4231 1497 4299 imaginem
1519 4232 1668 4294 referebat.

40 4295 119 4356 paoem
139 4295 219 4351 dubio
235 4297 348 4352 ridetur
363 4296 416 4351 boc
436 4296 496 4350 luco
510 4295 634 4360 italicam,
660 4311 739 4365 quam
757 4303 817 4364 poat
867 4293 1018 4366 Utrttmqoe
1044 4297 1171 4352 nimirum
1196 4295 1271 4354 zeno
1296 4309 1420 4370 spectaro
1441 4301 1521 4358 sintttl
1549 4307 1619 4364 sntet
1641 4316 1670 4364 et

41 4364 155 4432 tnptiama
169 4375 231 4425 ante
249 4370 337 4425 testis
355 4369 424 4423 albae
446 4366 616 4422 traditionem
635 4365 816 4438 abepiscopo
867 4381 924 4422 rem
939 4375 966 4422 et
981 4367 1124 4440 mysticum
1140 4369 1178 4424 rei
1197 4383 1319 4433 sensum,
1343 4381 1371 4426 ut
1391 4372 1515 4444 quadam
1537 4392 1588 4433 ona
1611 4380 1671 4435 eto-

41 4437 152 4493 aacciocto
168 4451 306 4509 peractam
320 4440 422 4494 diserte
438 4438 519 4494 tradit
533 4447 627 4492 auctor
640 4439 766 4508 antiquus
781 4439 815 4493 ti·
867 4447 974 4508 quator,
990 4453 1049 4509 quae
1067 4447 1122 4494 tum
1141 4441 1190 4508 rei,
1213 4449 1267 4495 tom
1289 4443 1410 4516 otystieae
1427 4445 1555 4502 locutioni
1569 4465 1670 4507 ecrite·

41 4502 134 4564 brortttn
147 4510 180 4564 tle
196 4509 379 4568 Sacramentis
395 4512 466 4567 ittter
480 4511 616 4566 Ambrosii
630 4523 713 4579 opera
733 4509 752 4565 t.
771 4525 813 4574 nt,
868 4511 960 4573 ttiunt;
977 4507 1099 4581 quaedam
1117 4526 1194 4576 tero,
1210 4525 1270 4582 qnae
1284 4527 1337 4567 noo
1355 4513 1405 4569 nisi
1423 4513 1456 4570 ad
1471 4522 1613 4588 mysticant
1628 4521 1668 4580 rel

42 4590 62 4627 e.
75 4579 85 4631 i
100 4581 274 4638 :leucadiam
288 4583 322 4637 cte
335 4586 415 4655 fonte,
431 4581 495 4652 quiet
511 4593 626 4637 accurunt
641 4581 732 4635 eati...
754 4599 814 4637 cue·
827 4575 855 4636 D
866 4581 1089 4648 significationem
1109 4582 1212 4638 reterre
1235 4584 1336 4654 possis,
1359 4585 1431 4654 quod
1456 4589 1482 4642 in
1498 4589 1540 4646 itis
1552 4606 1670 4661 prescr.

43 4648 134 4717 cinctos,
146 4653 256 4722 inquam,
264 4671 381 4710 sumatur
389 4654 508 4708 sacerdot
518 4653 596 4726 pedet
605 4651 649 4706 tibi
662 4650 740 4719 toeit,·
751 4669 812 4709 curn
867 4652 914 4708 titii
926 4651 1086 4726 tractatibus
1105 4651 1233 4724 frequens
1244 4666 1296 4710 est.

43 4719 124 4786 quibus
144 4726 258 4781 eottcinit
287 4726 447 4783 Ambrosius
470 4724 596 4780 intibro
619 4723 654 4779 de
678 4725 814 4798 llysteriis
902 4723 1005 4780 Tatcr.
1018 4723 1225 4798 xxiiii-(l)
1238 4726 1275 4782 be
1287 4725 1337 4784 bac
1351 4729 1526 4804 inscriptione
1541 4733 1671 4808 tideqttac

43 4805 63 4842 c.
82 4791 104 4845 6.
123 4796 194 4860 Quod
208 4799 229 4852 ai
246 4798 319 4853 bunc
332 4811 462 4852 matema
477 4795 597 4850 llumana
613 4796 732 4852 Ecclesia
748 4797 814 4850 atie·
866 4795 1108 4852 animadvertimus
1118 4796 1218 4864 adnot,
1233 4799 1243 4852 1
1257 4799 1283 4853 in
1299 4808 1441 4858 tractatum
1458 4804 1668 4875 precedentem.

43 4875 94 4914 nom
113 4866 166 4934 ipse
182 4876 276 4924 auctor
288 4869 325 4925 de
342 4869 520 4924 sacramentis
540 4874 674 4933 testatur,
696 4868 722 4921 id
747 4868 813 4924 ttiltit
866 4867 1051 4938 litticqttoqoe
1065 4869 1190 4924 tractatui
1202 4869 1228 4924 in
1248 4887 1299 4926 ms.
1318 4871 1458 4930 bernensis
1473 4877 1595 4948 margine
1609 4877 1668 4934 brec

43 4937 163 5004 brobibe't,
192 4938 462 5009 quominusttarone
474 4953 490 4993 a
502 4937 613 4994 Zenone
623 4939 747 5007 usurpari
763 4953 814 5010 po·
865 4948 1038 5008 apponuntur
1055 4960 1061 4996 :
1076 4937 1217 4999 Recitondo
1233 4943 1319 5014 poeria
1338 4953 1398 5000 nate
1413 4947 1540 5022 baptismo
1554 4965 1570 5004 o
1583 4952 1671 5022 ponti-

44 5007 125 5072 tuerit;
143 5017 170 5064 et
188 5010 258 5067 bunc
271 5012 380 5082 quidem
393 5009 518 5065 eumdem
540 5011 620 5064 ritum
640 5009 700 5064 alia

43 5071 246 5137 liutiotanensem
264 5091 366 5138 secutae
380 5089 444 5136 aunt
461 5081 604 5146 Ecclesiae,
620 5089 649 5135 ut
663 5096 696 5135 eu
739 5081 812 5137 iasab

45 5143 141 5203 dottico
152 5163 176 5207 et
190 5153 329 5210 Gallicano
342 5154 429 5211 ueteri
442 5154 613 5208 manifestum
629 5159 681 5213 est,
697 5153 742 5208 ubi
766 5167 815 5208 es-

44 5223 103 5340 ἔπι(
121 5219 240 5348 ῙιοιηιιιΙω
258 5224 396 5291 dicende,
421 5237 483 5280 curat
507 5227 704 5298 tteopttytotum
733 5224 814 5295 pedes

66 5306 72 5337 t
88 5307 128 5346 tun
139 5310 177 5350 ur.

713 5021 814 5136 arcister
866 5011 924 5076 fica.

903 5079 1099 5154 (tllnedttiset
1108 5079 1208 5154 aliquot
1221 5101 1301 5155 mss,
1315 5087 1447 5146 rottuolute
1459 5106 1468 5146 :
1482 5099 1505 5146 et
1516 5089 1670 5152 irtcutrctou·

867 5162 915 5208 ter.
926 5159 960 5208 nt
980 5153 1024 5207 aiii
1039 5151 1147 5210 codices
1163 5155 1328 5226 conjunctim
1344 5161 1465 5218 scribunt
1481 5167 1613 5222 convolute
1627 5167 1669 5222 in·

868 5233 1016 5278 cunctanter
1031 5223 1089 5279 siue
1103 5225 1293 5297 conjonctione
1307 5241 1342 5298 et,
1356 5247 1437 5303 quarn
1458 5232 1584 5292 tiberilius
1600 5240 1669 5295 ittae·

868 5297 1016 5350 ruissemos
1027 5299 1251 5354 aitte-boccalium
1266 5301 1333 5366 ticet,
1346 5304 1389 5360 tei
1399 5315 1460 5362 atate
1474 5307 1667 5380 superfluentis,

74 5369 109 5439 (5)
126 5372 161 5430 be
175 5375 250 5446 ltrtjos
270 5377 376 5449 generis
401 5376 508 5430 detorto
529 5375 610 5430 multa
636 5374 814 5432 disseruimus
869 5365 893 5421 si
908 5367 953 5438 qoi
965 5365 1073 5424 codices
1088 5369 1244 5442 suffragium
1262 5373 1397 5431 tulissent.

45 5437 196 5518 aduotatione
212 5448 259 5517 at,
280 5451 307 5504 itt
322 5456 400 5504 tract.
420 5447 463 5512 tt,
479 5449 498 5502 t.
514 5463 534 5513 t,
559 5447 604 5502 ubi
620 5461 712 5501 terum
729 5447 815 5502 dena·
906 5447 946 5531 (5)
957 5449 1035 5520 Quod
1048 5451 1106 5507 tteic
1116 5461 1144 5508 et
1156 5453 1185 5508 itt
1200 5455 1376 5526 sequentibus
1389 5457 1514 5522 traditor,
1528 5479 1579 5519 oon
1592 5465 1669 5520 licere

46 5522 102 5588 niun
116 5515 139 5570 in
150 5518 305 5588 baptismate
317 5520 442 5576 traditum
456 5533 511 5572 non
524 5519 739 5588 improbabiliter
751 5533 815 5575 con·
872 5521 1039 5591 baptismalis
1058 5522 1139 5580 fotttis
1152 5540 1249 5597 aquato
1271 5541 1376 5582 turtum
1397 5531 1521 5598 ttuora're,
1541 5536 1608 5590 satis
1630 5537 1670 5590 in-

45 5583 142 5645 ]erintus
154 5605 187 5644 ex
207 5593 266 5647 alita
286 5591 446 5648 ttstimoniir
465 5590 722 5662 zenonianisquae
739 5603 816 5646 eum·
867 5597 926 5648 nuit
944 5592 1108 5650 catboticum
1128 5593 1237 5666 dogma,
1262 5597 1390 5656 nimirum
1413 5600 1544 5669 baptisans
1570 5605 1669 5662 iterum

47 5650 97 5706 dent
117 5658 259 5727 detortum,
279 5679 328 5719 seu
347 5661 504 5732 stipendium
527 5662 673 5732 appeliant.
701 5663 736 5716 bt
756 5663 817 5718 ttcic
868 5679 922 5718 ttutt
940 5679 1020 5735 posse
1034 5665 1150 5722 conferri
1162 5682 1169 5734 ;
1183 5668 1254 5740 qoud
1270 5670 1358 5736 ipsum
1372 5670 1418 5726 atii
1433 5671 1527 5728 Patres
1539 5673 1600 5728 aliis
1616 5675 1672 5732 fur·

47 5723 129 5782 detinni
141 5735 208 5788 narei
229 5734 330 5790 metttio
351 5733 575 5805 perturbatssttttt
587 5733 658 5790 cuim
674 5733 815 5789 denarium
869 5733 949 5791 tttulIs
961 5735 1108 5792 tradidere.
1126 5737 1154 5794 ltt
1171 5739 1223 5794 fbtc
1239 5740 1326 5796 codex
1349 5741 1444 5808 Pomp.
1457 5741 1530 5800 alulit
1548 5743 1637 5800 dittrtt.

48 5808 141 5856 tomum
163 5807 271 5878 singulis
296 5805 436 5879 baptizatis
463 5804 491 5861 in
519 5813 593 5862 tanta
619 5805 816 5878 baptizatorum
904 5805 1007 5866 Tener.
1023 5806 1154 5866 xlxiii.
1169 5841 1201 5849 --
1216 5809 1253 5882 (1)
1274 5809 1339 5867 lisa.
1363 5811 1465 5884 dopbo.
1492 5817 1533 5874 tit.
1556 5817 1668 5880 feruet:
