3950 6317
55 312 103 369 itti
629 304 789 364 tttstttttlt
809 302 1093 362 unnnttstrutnt.
1640 303 1693 360 illl

56 431 329 507 persuasionum,
345 431 487 498 errrditns,
510 445 617 486 marum
631 431 711 498 integr
719 429 784 485 itate
806 443 838 482 ae.
851 431 877 490 Α
888 427 1691 500 eaputsubsuripseratepistolamilonatusintpulrnragelnu

55 524 220 598 temperentia
244 523 480 588 eornrrremlabilis,
499 521 548 578 sed
570 521 636 581 cisti
657 520 727 576 adeo
745 519 839 583 arsinoi,
892 531 921 576 ut
933 522 1042 578 nonnisi
1056 523 1081 577 in
1095 524 1154 594 ejrrs
1165 525 1357 580 cummunione
1372 523 1502 594 baptisma
1515 523 1617 580 Christi
1631 537 1693 580 esse

55 635 80 676 ur
101 617 199 674 nullum
220 616 359 670 irorrrinem
381 616 432 670 sibi
456 611 668 683 conmorantium
693 611 841 668 arbitrare-
890 615 1034 679 credatur,
1057 625 1153 670 eontra
1172 631 1253 685 quam
1280 613 1377 672 librum
1403 617 1551 686 scripserat
1565 615 1693 688 Augusti·

54 727 106 781 tur,
120 728 173 768 suae
186 712 270 782 partis
290 710 434 781 episeopus
455 711 516 766 ioco
536 707 733 778 mancipiorum
757 708 840 764 lrabe-
892 722 958 776 nus,
977 708 1022 779 qui
1044 707 1099 779 jann
1125 723 1177 764 non
1198 719 1306 775 exstat,
1332 709 1379 767 sed
1401 709 1479 778 errius
1499 720 1688 782 argumentum

53 818 109 872 ret,
122 820 152 860 ue
173 803 302 860 mortales
314 813 443 869 cunctos,
465 803 540 870 ipsus
554 802 635 858 etiam
658 803 840 871 imperatores
891 797 977 854 reirrt
996 799 1249 866 iletraetationuru,
1267 800 1314 855 lib.
1329 816 1355 867 r,
1370 816 1396 856 e.
1411 801 1458 856 it.

53 911 78 958 ct
95 900 262 970 magistratus
284 898 320 954 sb
340 898 382 954 eis
406 897 569 954 constitutos
594 881 839 952 catalaunensis
927 891 1008 962 bages
1027 891 1189 946 Constantini
1203 891 1234 945 de
1250 889 1402 946 Donatistis.
1417 890 1612 949 -Creseerrte
1637 894 1689 946 ltu·

54 1003 147 1050 tautum
160 990 230 1062 apntl
243 1005 310 1046 suos
322 989 493 1047 auctoritatis
511 987 646 1054 obtinuit,
660 998 689 1042 ut
704 1003 765 1042 eum
780 1002 837 1041 nrn·
891 987 1052 1042 nutistsrum
1067 1001 1181 1041 numero
1200 995 1227 1041 et
1243 986 1351 1051 tumre,
1365 983 1559 1042 Constrrntinru¹
1575 987 1692 1057 imperu-
1785 1045 1788 1054 ,

51 1101 96 1142 nes
113 1087 229 1153 impense
242 1083 382 1146 colerent.
398 1097 447 1152 per
461 1096 523 1138 euru
533 1081 676 1150 iurarent,
694 1088 723 1136 et
740 1079 768 1134 in
790 1093 840 1136 ore
893 1087 935 1134 tor
949 1088 1045 1135 eontra
1062 1080 1124 1136 illos
1141 1079 1342 1135 severissimam
1356 1079 1443 1150 tegern
1456 1079 1536 1146 tulit,
1550 1095 1603 1150 arra
1620 1079 1691 1136 basi·

52 1178 134 1250 pepuli
154 1191 206 1232 non
221 1174 534 1244 uteornurepiseopus,
553 1173 603 1230 sed
623 1172 745 1228 Densum
769 1170 838 1228 Car·
890 1172 998 1228 iieaset
1016 1171 1074 1228 loca
1094 1171 1122 1226 iu
1142 1171 1240 1244 qtribus
1261 1170 1511 1242 congregabantur,
1531 1169 1691 1241 ipsisjussit
1726 1157 1727 1160 ¹

52 1270 169 1340 tbaginis.
184 1265 470 1324 turamtlteetriaam
485 1265 512 1321 in
531 1264 602 1322 dues
621 1273 713 1334 partes
727 1263 836 1329 diuisit,
889 1265 990 1321 auierri
1013 1279 1044 1320 ac
1060 1263 1125 1320 fiseo
1147 1263 1289 1319 rirrtlieari.
1314 1263 1367 1319 Sed
1393 1263 1443 1318 ista
1464 1263 1609 1316 seueritate
1634 1275 1688 1316 non
1743 1267 1749 1276 '

53 1379 157 1434 unamm
172 1377 249 1416 unua
265 1369 368 1430 purtem
387 1375 465 1416 snam
488 1362 546 1430 ipse
565 1359 618 1415 diei
633 1359 734 1424 uoluit,
749 1357 787 1414 iu
808 1363 839 1414 ut
889 1361 971 1416 mundo
984 1375 1038 1414 non
1053 1371 1194 1430 repressa,
1208 1359 1255 1414 sed
1269 1368 1295 1412 et
1310 1371 1423 1413 aceensa
1438 1364 1481 1412 est
1493 1355 1602 1410 illarum
1618 1355 1691 1410 inso-

52 1457 82 1512 ab
94 1457 126 1511 iis
137 1455 182 1526 gui
196 1470 229 1510 er
242 1453 359 1510 diuersis
370 1451 470 1508 Africae
483 1451 628 1523 provintiis
642 1450 836 1521 Cartlraginem
888 1453 989 1520 lentis,
1007 1460 1166 1524 murumque
1179 1449 1264 1507 abluit
1278 1450 1343 1520 tpuin
1358 1450 1391 1503 ad
1405 1449 1533 1506 Ecclesiae
1539 1445 1688 1504 Catlrnlieae

52 1549 205 1611 ueniebant.
229 1561 285 1603 uon
308 1556 443 1616 tpuoereret
465 1545 532 1602 illud
553 1547 626 1614 uuest
645 1543 763 1600 binmaus
785 1542 839 1600 lert
888 1547 977 1602 sinum
995 1545 1204 1610 reduceremur,
1231 1553 1260 1599 ut
1282 1558 1299 1599 e
1323 1551 1417 1599 crnrtra
1441 1541 1468 1596 in
1483 1555 1542 1596 eam
1557 1539 1689 1595 ser-insse

50 1639 209 1698 consuetudo
227 1641 262 1696 rio
275 1640 391 1710 pluuiis,
407 1641 441 1698 de
456 1654 541 1710 pree,
555 1638 589 1694 de
608 1647 740 1710 prouentu
753 1640 836 1704 snat,
889 1639 1055 1710 petulantius
1077 1637 1225 1693 saevierint.
1261 1634 1338 1704 Quod
1363 1649 1424 1690 eunr
1447 1631 1598 1704 accepisset
1617 1631 1689 1687 Con·

50 1734 93 1788 sed
107 1733 177 1788 itlius
199 1731 233 1788 ad
248 1731 371 1803 singulos
382 1746 506 1802 qoosgne
519 1731 661 1788 rerricntes
674 1730 733 1787 irae
743 1740 838 1786 essent
890 1733 1046 1796 staminas,
1062 1733 1096 1786 ad
1107 1731 1248 1786 urrirersns
1260 1730 1403 1799 episcopos
1417 1736 1444 1783 et
1464 1725 1498 1782 sel
1513 1725 1621 1796 piebem
1635 1723 1688 1779 Ee·

50 1826 122 1882 rerba
137 1843 143 1878 :
160 1824 231 1893 Quid
244 1826 370 1897 apsdres
382 1825 467 1897 upitsr
481 1826 514 1880 rie
526 1835 600 1896 parte
612 1841 668 1878 area
680 1825 692 1877 l
705 1825 746 1879 Ae
759 1825 837 1878 dein-
851 1831 874 1892 Β
887 1830 979 1884 etesiae
999 1827 1145 1884 Catholicae
1166 1841 1214 1896 per
1227 1823 1345 1880 iliricum
1367 1822 1508 1894 epistolam
1530 1819 1689 1891 prendentem

49 1935 106 1991 ceps
124 1934 177 1974 nou
201 1920 282 1976 modo
305 1917 506 1975 corrruumionis
526 1918 586 1988 ejus
609 1919 734 1976 irrsrrrines
757 1918 837 1988 uulgo
887 1922 1033 1978 sumntum
1049 1931 1073 1976 ot
1088 1929 1256 1976 mansuetam
1270 1917 1399 1986 scripsit,
1415 1931 1467 1985 uua
1488 1915 1556 1972 uteie
1576 1931 1603 1970 se
1616 1913 1688 1986 pand
1715 1911 1718 1919 '

50 2012 185 2070 benstbm
199 2012 266 2070 alieti
283 2023 348 2070 sunt
359 2054 367 2078 ,
380 2013 428 2068 sed
450 2024 476 2066 et
496 2013 547 2082 ipsi
567 2013 594 2068 in
605 2013 714 2083 iudiciis
728 2022 757 2069 et
769 2012 837 2066 setis
887 2015 951 2086 fides
965 2014 1069 2076 debuit,
1086 2022 1211 2083 putantum
1224 2011 1364 2080 prudentio
1375 2009 1477 2074 ualui,
1492 2017 1569 2077 prout
1588 2005 1689 2075 puritas

51 2106 154 2174 publicis
168 2105 284 2177 professi
297 2117 359 2162 sunt
373 2121 404 2161 se
417 2121 479 2160 esse
492 2104 528 2162 tic
542 2115 620 2176 parte
636 2107 742 2164 burneti.
758 2105 836 2173 Quod
887 2109 970 2178 potnit
990 2117 1098 2162 tentasse
1114 2121 1158 2176 per·
1171 2106 1257 2160 amaia
1272 2103 1439 2158 immanitatis
1463 2110 1487 2157 et
1506 2099 1689 2155 moderationis

49 2213 104 2254 euru
117 2200 183 2270 ipsis
195 2200 391 2270 exprobratum
411 2199 507 2256 luisset
522 2201 548 2254 iu
562 2199 709 2256 collatione
722 2199 838 2254 Cartba-
886 2201 994 2270 ospicia,
1011 2211 1038 2253 at
1059 2213 1111 2268 pus
1132 2197 1303 2252 sanctissime
1324 2195 1494 2266 fraternitatis
1517 2210 1561 2264 per
1584 2207 1690 2246 roncor-

49 2291 162 2363 gineusi,
177 2293 244 2350 licet
263 2307 362 2348 nomen
383 2293 455 2350 istud
478 2291 664 2362 repudiarint,
678 2292 713 2347 tle
733 2292 838 2350 bannato
887 2294 957 2348 diaru
975 2292 1090 2348 stabilita
1104 2301 1241 2348 teneretur.
1258 2289 1311 2346 Sui
1323 2289 1383 2359 puin
1397 2287 1428 2342 ol
1442 2267 1614 2356 petricorium
1628 2299 1688 2354 pao

50 2393 130 2440 tamen
144 2392 402 2456 tarrrrmsmsactnre
413 2400 463 2440 suo
476 2384 516 2440 sie
528 2384 669 2453 magnitiee
682 2383 764 2439 locuti
786 2383 838 2456 10
886 2385 1007 2440 rumdam
1022 2401 1072 2438 narr
1088 2385 1196 2450 pratrrerit
1211 2383 1239 2436 id
1256 2382 1356 2452 assequi
1375 2383 1412 2434 itu
1433 2395 1488 2436 erra
1507 2377 1615 2434 enuntia
1633 2392 1688 2431 mo·

47 2486 158 2548 suntper
172 2491 206 2532 os
219 2476 345 2532 Petiliam
358 2493 365 2529 ε
383 2475 514 2532 Donatum
525 2484 612 2530 autem
630 2486 726 2530 sarretre
738 2490 834 2528 meare·
886 2478 1011 2545 derandn,
1028 2486 1056 2530 at
1070 2477 1150 2530 donee
1160 2475 1268 2530 catastis
1281 2475 1407 2528 uredirina
1423 2469 1554 2542 pracedat,
1563 2470 1689 2541 patienter

48 2570 89 2623 rite
113 2569 269 2640 martyrialis
293 2568 385 2640 gioria
408 2570 510 2634 airuns,
539 2584 718 2638 precursorem
741 2567 839 2623 scitica
886 2572 1062 2627 sustineantur
1079 2585 1110 2624 ea
1131 2583 1187 2639 pure
1205 2567 1352 2639 arprrirsiuri
1370 2565 1486 2620 bonrirm
1499 2572 1630 2618 tentantes
1650 2563 1689 2633 sa·
1751 2603 1760 2626 Ι

48 2671 154 2715 matrerm
173 2660 251 2733 (nota
265 2660 324 2716 baec
337 2662 418 2717 rerba
438 2661 536 2732 quitus
556 2677 609 2716 non
631 2662 713 2718 unius
731 2670 835 2718 martum
885 2665 971 2726 cinare,
988 2671 1012 2716 et
1023 2661 1089 2715 uitrit
1100 2677 1133 2716 ea
1146 2661 1275 2730 reciproco
1287 2669 1424 2729 reponatur
1434 2657 1558 2732 injurie,
1573 2655 1688 2710 uindicta

47 2753 259 2824 Curtlmginensis
271 2755 407 2825 episcopi,
424 2754 472 2810 setl
492 2754 613 2811 ourrriuur
627 2753 707 2825 buius
720 2756 836 2824 partium
887 2774 976 2812 eoram
992 2757 1044 2812 lieo
1065 2768 1174 2810 sternata.
1191 2755 1267 2822 Quat
1289 2757 1310 2808 si
1322 2753 1477 2818 absentetur,
1490 2768 1595 2822 sperare
1614 2765 1641 2806 se
1661 2759 1689 2804 ut

47 2847 228 2917 episcoporum
243 2861 393 2918 praecessor
406 2845 581 2918 appellatur),
594 2857 772 2902 manutentum
786 2846 836 2902 e'c·
887 2853 938 2907 cito
960 2867 1007 2920 per
1028 2849 1140 2923 gratiam
1163 2849 1256 2902 summi
1280 2847 1327 2902 liei
1353 2847 1575 2917 languescentibus
1597 2859 1688 2898 rorans

48 2939 122 2994 cirria
139 2941 214 2996 istius
235 2941 342 2995 rietatis
365 2941 423 2994 iaco
442 2956 491 2996 suo
513 2941 652 3010 ureritoprsr
673 2955 834 2996 remeantur.
886 2945 1010 2999 institutis
1028 2943 1068 2998 trel
1091 2942 1205 2997 eruribus
1225 2941 1268 3012 gui
1292 2957 1319 2995 se
1339 2941 1488 2995 nriserrimrr
1517 2935 1686 2992 cantentionis

46 3031 169 3090 Necrero
182 3035 344 3090 auctoritare
356 3048 406 3091 sua
421 3044 524 3090 tanturn
538 3043 619 3103 angue
641 3033 756 3090 divorsis
770 3035 836 3090 arti·
887 3035 1035 3090 vexillarios
1053 3033 1183 3104 probent,
1199 3031 1279 3088 tariroe
1299 3033 1480 3088 rorrtieeseant.
1499 3029 1598 3086 Verum
1618 3043 1686 3098 ‹puos

46 3125 91 3179 bus
109 3125 230 3182 selrisma
253 3126 279 3182 in
301 3134 357 3180 tota
378 3127 473 3182 Airieu
495 3127 672 3197 propagas-it,
698 3141 790 3182 rernm
809 3135 837 3182 et
887 3141 941 3182 non
957 3134 1125 3198 represserat
1139 3127 1291 3190 seneritas,
1313 3140 1364 3181 nee
1378 3126 1488 3180 desinare
1508 3122 1594 3192 proruit
1613 3136 1688 3177 marr-

46 3219 148 3287 seriptis
161 3218 229 3274 illuri
244 3235 416 3290 propugnare
439 3234 584 3290 aggressus
608 3207 659 3275 est.
683 3220 869 3284 Eustabantc
884 3219 1001 3276 suetntln
1021 3234 1054 3274 se
1075 3218 1173 3273 leuitas
1192 3215 1287 3287 optimi
1311 3215 1457 3286 principis,
1474 3215 1557 3268 iurnru
1577 3211 1687 3281 exejus

46 3309 111 3364 enim
133 3320 257 3382 murpore
284 3311 440 3384 ttieromnn
462 3314 545 3369 multa
566 3314 626 3383 ejus
650 3317 781 3384 opuscula
802 3315 836 3370 ati
888 3311 1055 3384 induigentia
1081 3310 1211 3381 nrajerem
1234 3318 1372 3366 sumentes
1393 3307 1555 3371 arrdaeinur,
1577 3305 1687 3374 gratius

47 3416 115 3457 sunm
129 3403 254 3460 lrnresim
271 3406 492 3475 pertinentia,et
513 3406 547 3460 de
569 3406 671 3474 Spiritu
695 3417 789 3462 saneto
805 3408 838 3462 li·
887 3407 990 3464 indies
1011 3405 1167 3462 Gatlrolieos
1190 3415 1332 3460 resarum.
1359 3405 1396 3456 ilo
1420 3415 1541 3472 tempore
1563 3399 1689 3454 rideantur

47 3493 91 3550 ber
103 3513 180 3566 qrrem
194 3499 296 3552 Ariana
313 3500 430 3570 iurganti
447 3508 639 3570 tetagrueutem
654 3499 736 3555 luisse
754 3507 838 3556 testa-
887 3503 940 3556 orti
962 3499 1224 3564 Circumcelliones,
1251 3497 1342 3552 urstiei
1364 3505 1392 3551 et
1417 3495 1466 3564 ieri
1493 3491 1633 3556 lrurniues,
1650 3491 1686 3546 ita

46 3595 93 3642 tur.
117 3587 154 3644 ba
174 3591 298 3660 eiusdem
323 3591 431 3662 seriptis
456 3593 571 3661 innuens
594 3591 625 3648 S.
649 3591 836 3663 engrannus,
886 3593 954 3650 dieti
978 3593 1050 3663 trunti
1070 3593 1172 3648 eircunr
1196 3591 1279 3646 cellas
1301 3590 1508 3654 discurrerent,
1532 3585 1686 3642 carnutium

45 3683 162 3742 observat
180 3688 263 3745 etiam
285 3691 361 3744 illurn
383 3690 453 3745 bauti
473 3691 635 3746 estlrulieam
654 3689 837 3748 deirinitrte
886 3690 920 3748 ati
945 3698 1039 3744 nutum
1064 3687 1264 3742 Dormtistarum
1289 3683 1480 3754 episcoporum
1507 3689 1637 3734 vestrates
1659 3687 1687 3734 et

45 3777 162 3836 lttbttisse
177 3785 360 3851 sententiorrr;
377 3795 404 3839 et
425 3789 547 3858 qrranreis
569 3786 690 3854 ejusdem
711 3787 837 3843 snbstan-
886 3781 1086 3852 compilantes,
1109 3778 1178 3835 adeo
1192 3775 1364 3848 rrtquusdam
1383 3775 1465 3830 etium
1485 3789 1516 3828 rs
1542 3771 1595 3828 itin
1616 3771 1685 3825 neei-

45 3873 102 3940 tiae,
116 3877 248 3934 minorem
265 3886 355 3934 tamen
371 3879 451 3934 Patre
466 3878 581 3947 Filium,
592 3887 622 3935 et
642 3881 774 3936 rninorctn
788 3879 836 3938 Fi·
885 3875 1000 3940 dereut;
1016 3885 1096 3944 :rupere
1111 3871 1144 3926 ad
1165 3886 1211 3926 eos
1227 3871 1352 3924 videntur
1373 3869 1508 3938 pertinere
1530 3864 1586 3920 lraee
1605 3865 1685 3920 rerba

44 3965 78 4022 lio
92 3980 199 4039 putasse
212 3969 344 4042 Sgriritum
359 3983 494 4028 sanctum.
516 3971 628 4040 Venor,
642 3974 730 4044 inquit
745 3974 833 4041 itleru,
884 3968 1056 4025 Constantini
1081 3965 1107 4020 irr
1130 3964 1243 4034 epistula
1268 3963 1348 4018 morlo
1371 3960 1476 4017 laudata
1490 3975 1497 4013 ε
1512 3957 1574 4014 Grau
1596 3958 1686 4012 debetu

43 4060 66 4114 ia
79 4059 144 4116 bunc
155 4079 231 4133 prtem
251 4063 284 4117 de
296 4063 423 4119 i'rirritute
441 4065 530 4118 natam
546 4069 602 4140 ejus
617 4081 727 4120 errorem
745 4064 835 4121 Derra-
885 4062 950 4132 tides
970 4071 1056 4115 nostra
1065 4057 1194 4128 confidere
1203 4057 1329 4128 quidquid
1343 4055 1374 4108 ub
1390 4053 1538 4126 irup'rtmmdi
1554 4051 1684 4108 bominum

44 4151 153 4208 tistarunr
165 4156 307 4234 rrreititudo
329 4157 426 4211 intrata
440 4173 490 4212 non
504 4158 576 4228 snit,
596 4175 642 4213 trec
656 4157 732 4228 facile
753 4159 780 4214 irr
799 4159 835 4215 eis
884 4164 972 4230 surore
985 4158 1112 4226 patietur,
1128 4153 1245 4226 arrartpni
1261 4153 1345 4224 gratia
1366 4151 1437 4222 apud
1459 4147 1540 4204 Deum
1555 4163 1609 4202 esse
1623 4146 1686 4202 eali·

43 4248 166 4316 quisquam
186 4251 232 4318 gui
249 4251 298 4304 ilar
322 4251 397 4304 ilium
419 4251 528 4304 sortasse
549 4251 667 4312 suaserit,
693 4251 830 4307 inuenitur.
884 4262 981 4304 turrim.

43 4335 182 4396 Nonnullos
207 4351 297 4396 tamen
322 4341 392 4396 idern
417 4357 478 4395 enm
507 4342 609 4396 britann
631 4343 751 4398 sensisse
770 4344 833 4399 alibi
922 4341 1001 4395 Gesta
1016 4355 1101 4394 eoram
1116 4335 1269 4407 Zerroplrilo.
1285 4365 1321 4378 ·-
1333 4333 1405 4390 lutet·
1419 4333 1622 4390 linrrutistarum
1638 4343 1687 4383 sn-

43 4429 93 4503 (ep.
107 4435 159 4490 185
171 4434 206 4489 sti
226 4433 391 4490 Bonilueium
415 4434 559 4504 comiteur)
577 4445 690 4492 testatur·
707 4437 833 4506 augusti·
886 4435 1041 4506 tesignanos
1056 4442 1115 4488 erat
1139 4429 1266 4485 Siluanus
1281 4425 1558 4482 Corratantiniensium
1582 4427 1688 4493 episeo-

43 4538 106 4592 nus;
121 4527 170 4582 sed
193 4542 290 4584 omnes
304 4530 360 4583 iere
374 4527 444 4584 idern
458 4529 572 4584 omnino
585 4531 706 4598 protiteri
721 4545 752 4586 se
772 4546 833 4585 ere-
886 4543 936 4600 pus
961 4525 1120 4590 ordinatus,
1147 4525 1184 4576 uti
1210 4521 1351 4585 diutinus,
1371 4535 1386 4574 a
1413 4517 1506 4588 primis
1531 4515 1686 4572 auettrribus

43 4615 100 4672 lere
110 4618 146 4674 rie
158 4618 239 4676 Patre
259 4631 286 4677 et
309 4620 378 4676 Filio
397 4632 424 4676 et
438 4621 541 4690 Spiritu
564 4632 677 4688 saneto,
696 4624 768 4694 quod
781 4624 832 4679 Cs-
846 4619 1056 4685 Dsclr'rsrrratis,
1072 4632 1133 4672 eum
1147 4624 1234 4669 tanren
1247 4612 1377 4667 diaeonus
1392 4609 1559 4666 Trnrlitinnis
1571 4608 1685 4664 erimine

43 4711 134 4767 tiroliea
159 4712 246 4770 eredit
272 4715 402 4770 Ecclesia.
428 4693 694 4788 Qnrrmgannr'aiiqai
716 4734 748 4772 es·
769 4719 833 4788 ipsis
888 4713 1037 4768 rrraeulatus
1061 4710 1164 4766 luisset.
1189 4705 1384 4762 Nuntiirrsrunn
1401 4705 1516 4760 babebat
1541 4703 1683 4759 iliaeunum

43 4803 145 4860 nolentes
162 4807 212 4860 sibi
231 4803 328 4862 Gothos
350 4807 505 4872 consciliari,
529 4810 630 4877 uuanda
655 4826 699 4864 eos
713 4792 832 4866 sidebant
887 4819 1049 4862 areanorum
1069 4805 1189 4860 umrrium
1216 4801 1294 4870 trrrjus
1317 4806 1399 4854 seete
1422 4797 1571 4854 eurrsciunr.
1595 4795 1680 4865 Quem

43 4911 109 4964 passe
121 4901 241 4967 uliqrrid,
260 4902 376 4956 dicebant
398 4902 448 4956 iae
461 4918 489 4957 ss
511 4904 696 4971 aednepaod
719 4906 759 4960 itti
777 4923 833 4962 m-
885 4897 1089 4969 cumsiiranus
1101 4896 1362 4952 excommunicasset
1376 4903 1404 4950 et
1416 4909 1477 4948 eum
1489 4909 1521 4947 eo
1534 4893 1560 4946 in
1572 4891 1684 4961 gratiam

43 4989 105 5044 turrt
123 4991 192 5058 Sed,
209 4993 296 5066 inquit
307 4995 493 5064 ingrammus,
509 4998 637 5068 urajorsmr
649 5013 754 5052 suorum
769 5015 831 5052 auc·
885 4996 973 5051 redire
986 4992 1141 5053 renuisset,
1158 4989 1245 5058 palam
1262 4987 1284 5042 is
1298 4987 1387 5044 omnia
1405 4987 1485 5053 lecit,
1501 5001 1533 5040 ue
1553 4983 1685 5056 imprimis

43 5086 135 5139 laniante
149 5090 350 5162 carminaretur,
366 5089 429 5160 guia
450 5105 495 5143 aee
520 5088 636 5144 Donatus
653 5091 707 5162 ipse
719 5091 756 5147 sic
773 5107 832 5147 ore·
884 5087 1026 5156 Silvnurm¹
1038 5084 1121 5140 luisse
1135 5081 1326 5144 Traditurem,
1347 5090 1374 5135 et
1396 5080 1490 5150 pecuni
1502 5093 1536 5134 on
1552 5091 1567 5132 e
1583 5075 1684 5134 Lucilla

43 5177 128 5232 didisse
152 5182 290 5247 assedtur,
307 5181 339 5236 ds
361 5184 437 5255 cujas
459 5195 533 5251 purte
553 5198 579 5236 se
601 5197 656 5237 erse
676 5184 831 5251 ptorimrtrrr.
884 5175 1176 5247 datnrrrutilajorinns
1191 5173 1362 5229 ordinaretur
1381 5171 1537 5242 episcopus.
1552 5169 1617 5237 erae
1630 5169 1684 5224 utro

43 5269 102 5322 lliue
129 5270 200 5326 sorte
222 5271 387 5344 Epiphanius
412 5281 440 5328 et
466 5272 647 5328 Theodoritus
672 5273 832 5330 borrartunts
884 5271 1049 5340 currrmzrgui
1065 5269 1318 5330 mtrmentiesscut,
1335 5275 1465 5320 etcauste
1482 5263 1681 5317 Donatistarum

43 5363 199 5420 triariorum
215 5381 333 5423 errorem
347 5367 489 5439 affingunt.
503 5365 539 5426 At
559 5367 630 5422 rrrrlla
647 5384 709 5423 eum
730 5369 785 5424 iliis
799 5367 834 5425 de
885 5365 998 5422 muitum
1014 5360 1155 5418 inilleerurrt
1178 5359 1261 5430 (irrtle
1274 5359 1346 5414 enirn
1366 5357 1529 5426 sentiebatur
1541 5369 1587 5407 ens
1606 5352 1685 5422 buius

43 5455 212 5526 *introitibus
231 5461 292 5518 lrtlei
315 5460 365 5518 luit
383 5463 517 5533 questio,
534 5460 582 5517 serl
604 5471 707 5516 tantum
729 5461 763 5516 de
777 5463 834 5516 solu
885 5458 1007 5516 criminis
1021 5471 1083 5514 reos
1098 5471 1158 5512 esse
1180 5456 1256 5525 errjrrs
1280 5451 1429 5507 Ecclesium
1455 5447 1646 5502 irraiumlalrarrt
1660 5455 1687 5499 er

43 5552 282 5616 rouunnnione,de
297 5553 432 5621 Ecclesia,
447 5567 473 5609 et
483 5563 715 5609 sacramentorum
731 5569 790 5624 qrrae
805 5553 833 5610 in
886 5550 1010 5621 ilar‘nrini
1023 5549 1221 5606 ordinminuem
1237 5545 1359 5600 vitiosam
1371 5555 1433 5594 esse
1446 5535 1612 5607 coustalur),
1635 5539 1683 5588 tm-

43 5653 68 5694 ra
83 5643 304 5699 adrrrinisrruutur
323 5644 493 5702 auctoritate.
508 5646 587 5701 Circa
601 5645 652 5702 boe
666 5655 833 5715 postremum
887 5660 948 5702 rum
975 5641 1163 5716 probationem
1186 5639 1271 5712 gestis
1296 5633 1409 5705 publicis
1432 5640 1460 5685 nt
1483 5643 1574 5683 cirrum
1595 5629 1687 5700 jruttce

43 5755 232 5826 Episerrporum
261 5759 401 5814 trsneiatio
431 5757 458 5812 irr
487 5757 635 5814 Occidente
666 5774 720 5813 non
746 5759 827 5814 irrerit
880 5748 1690 5831 selleCasensiperambitnmarlCartlragiuensemtrans-

43 5829 141 5886 itrrsu.
160 5841 213 5884 nee
229 5843 354 5901 nagmm
368 5831 471 5888 nouare
483 5830 618 5898 olriectum
634 5828 715 5885 luerit
729 5832 827 5901 grunnio
880 5831 950 5887 latus
964 5828 1056 5886 inerit.
