3950 6317
350 309 419 368 ιιιι
1103 293 1291 358 bermuti·
1838 327 1862 388 ,ᾗ

352 434 481 500 tempore
494 425 615 482 ridemus
637 421 744 496 eosqui
765 418 801 478 de
815 415 1191 493 mttqtoneeontersdoot,n
1240 415 1309 475 Cntn
1323 419 1442 491 primum
1467 435 1530 478 sese
1553 427 1683 479 steterunt
1699 424 1860 498 bouum

353 517 555 591 intempestiue,
569 525 599 574 nt
617 515 708 574 omnia
722 513 866 585 misceant,
881 511 1021 572 transilire
1042 511 1076 568 ad
1099 511 1155 568 eri-
1206 515 1301 570 neseio
1312 514 1377 586 quid
1390 513 1514 578 inerunt,
1534 516 1570 572 de
1582 523 1864 595 ιιιιιριπιῃιιιιιμῃιι,ω

353 613 532 672 minationem
558 625 751 684 personarum.
780 609 852 668 Sarte
880 623 936 684 quo
963 609 1051 681 magis
1074 617 1151 681 gesta
1206 605 1295 664 iuerat
1314 605 1371 678 pm
1384 607 1490 679 elapso.
1506 607 1561 666 Sed
1584 609 1864 680 innumerum,

354 708 517 766 Gollationis
539 705 765 782 carthaginensis
786 706 953 776 considero,
978 713 1055 762 tanto
1068 704 1156 778 magis
1205 701 1241 760 de
1255 701 1450 774 prorogatione
1462 721 1471 758 :
1483 711 1512 761 et
1528 702 1641 760 tenebat
1656 703 1714 759 illud
1726 705 1800 778 lilp'ani
1809 731 1814 766 ι
1824 715 1865 781 ιι,

354 803 462 866 tentio,
479 809 534 858 um
549 801 583 859 sd
607 817 664 860 rem
680 801 856 874 principalem
882 799 1044 858 Gatboiicu
1060 800 1155 858 venire
1206 795 1694 870 tribunalicontwt'bmm
1705 806 1867 877 tumultun

354 899 449 954 statlm
464 897 605 966 noluisse,
628 913 709 970 quam
732 895 888 954 bonatista:
903 896 929 952 id
943 893 1094 967 relegisse:
1109 895 1156 968 qui
1205 900 1292 960 rond,
1302 897 1369 958 ele..
1382 891 1403 947 l·
1426 907 1446 946 tt
1458 890 1544 948 dolie
1557 890 1644 962 iudie-
1656 889 1867 964 indemnem

356 987 603 1064 (quemadmodum
622 1003 697 1062 saepe
711 989 880 1062 Augustinus
894 989 980 1061 dixit)
1001 988 1054 1046 boe
1070 1003 1155 1045 onum
1206 991 1250 1040 ter
1263 983 1347 1039 etiarn
1358 983 1506 1040 llonatistae
1520 984 1865 1052 subrourmnrasseotiblrai

356 1087 491 1158 agebant,
510 1095 540 1143 nt
568 1085 634 1144 nibil
654 1095 793 1160 ageretur.
818 1085 886 1142 llam
913 1095 941 1143 et
963 1083 1157 1157 Carthaginem
1205 1083 1267 1156 lure
1277 1083 1477 1148 finitimorum
1493 1084 1604 1154 purgari
1621 1086 1864 1158 conponentium

355 1187 460 1236 tantun:
473 1181 583 1238 venisse
598 1181 726 1238 ridentur
738 1191 768 1238 ut
777 1181 911 1239 redirent.
923 1181 999 1238 Dixit
1009 1182 1093 1238 etiam
1106 1181 1157 1238 ali·
1208 1177 1282 1249 poris
1293 1179 1442 1234 commissa
1454 1185 1507 1232 est.
1524 1175 1580 1232 Sed
1595 1174 1671 1232 bisce
1684 1177 1865 1236 :sulcanium

355 1273 464 1344 quanrdo
484 1277 650 1348 Augustinus
672 1275 698 1331 iu
717 1275 796 1332 libris
809 1286 906 1333 eontra
918 1274 1059 1333 lulianum
1074 1275 1154 1334 Pela-
1206 1271 1294 1328 loeus.
1309 1269 1446 1325 ceterum
1460 1284 1524 1324 eum
1542 1267 1613 1324 ordo
1626 1265 1766 1324 Collatinus
1774 1270 1845 1341 inum:

355 1365 476 1438 gisnnm,
493 1365 611 1425 irontem
627 1367 820 1426 baereticorum
834 1383 887 1426 non
900 1384 962 1426 esse
977 1369 1109 1427 frontem.
1127 1369 1156 1426 ld
1207 1362 1318 1429 tutaret,
1332 1369 1362 1416 ιιι
1382 1359 1511 1432 ”tribuite
1525 1359 1598 1415 certi
1621 1358 1863 1429 deligereauranne..

356 1474 423 1516 torn
437 1462 472 1518 de
492 1461 646 1519 incredibili
663 1463 866 1519 bonatirtnrum
885 1461 1055 1534 impudentia
1070 1461 1157 1520 molto
1206 1468 1262 1526 nite
1279 1453 1452 1508 “vetulum
1463 1450 1615 1518 ediceret,
1636 1461 1665 1506 2⁴
1686 1447 1862 1524 &uotum

357 1555 444 1626 mugla
465 1553 520 1611 dici
546 1555 633 1626 potuit
656 1555 815 1626 debuitque.
840 1553 912 1612 &uo
935 1569 996 1611 eum
1018 1552 1158 1612 refelleret
1208 1547 1358 1604 bonatista
1377 1560 1473 1602 rums
1487 1543 1745 1616 reti²m²b²cl.nui
1760 1559 1865 1615 neuun

356 1645 535 1704 cresconium
565 1645 732 1703 bnttatlttam
762 1647 993 1719 grammaticum,
1022 1645 1157 1719 signilleat
1207 1637 1863 1708 centicnurenissent,solebaotonuresdispsuu

356 1751 442 1811 propo
451 1753 512 1796 esse
533 1747 564 1795 ut
573 1739 709 1796 exclamet
724 1738 788 1796 illud
804 1739 904 1806 Persii,
921 1741 1033 1810 {rontsns
1048 1739 1157 1810 periisse
1208 1733 1399 1808 prolectosioe
1409 1733 1526 1788 tumultu
1540 1741 1570 1788 et
1584 1729 1872 1801 ιιιιιιωιιιιιιιιιίιιιςωιἸ

355 1832 388 1888 de
400 1833 486 1890 νιιιιι.
504 1831 537 1889 tit
553 1833 608 1890 allo
621 1833 683 1890 ioco
692 1833 761 1890 dixit
775 1848 806 1890 ee
819 1833 913 1890 miruri
925 1833 1093 1900 boniatistas,
1102 1831 1152 1889 lta·
1168 1828 1277 1902 Migo
1300 1827 1476 1884 liareellinus
1497 1825 1714 1897 interloquitur,
1736 1825 1857 1880 obsmnnlr

358 1922 425 1980 bere
439 1925 466 1980 in
480 1915 596 1998 corp'ore
608 1925 779 1997 sanguinem,
793 1933 822 1982 et
832 1933 922 1982 tamen
936 1939 1082 1995 numquam
1092 1941 1155 1982 ern·
1203 1935 1276 1988 csse,
1287 1915 1360 1992 quod
1371 1919 1399 1974 in
1412 1917 1531 1990 publicis
1539 1917 1853 1985 aetioniboseteorpolsre

355 2017 480 2075 besoere.
494 2011 631 2086 btoerem',
641 2035 722 2090 quam
735 2019 863 2076 crudeles
875 2019 982 2077 iuemnt
995 2017 1089 2076 sicarii
1099 2029 1154 2076 tam
1204 2012 1300 2079 ditur,
1320 2021 1351 2070 ut
1374 2027 1425 2084 per
1436 2021 1542 2079 certas,
1557 2011 1644 2067 eunti
1657 2011 1709 2074 ait,
1723 2019 1748 2066 et
1758 2009 1860 2064 udraes'e

355 2109 449 2166 vairos
470 2109 554 2169 inisse
573 2112 766 2184 pragmaticos.
788 2109 841 2168 Sed
858 2121 934 2179 aeta,
949 2111 984 2168 de
997 2111 1099 2184 quibus
1111 2111 1155 2168 io·
1202 2115 1292 2163 matas
1317 2120 1449 2176 personas
1476 2105 1570 2160 omnia
1600 2112 1771 2176 peragantur.
1783 2103 1860 2157 ἢν

355 2205 637 2276 quor,teatabuutur,
654 2204 890 2278 atmpbaaeorum
909 2215 1031 2262 :nontam
1046 2205 1155 2263 erudito
1204 2197 1338 2270 Uiuianus
1369 2197 1475 2253 teribil-
1509 2195 1620 2266 Quibm
1652 2197 1860 2266 mmm

354 2295 447 2367 aliquo
460 2295 579 2354 artileio
593 2304 691 2364 tectas,
702 2312 782 2370 quam
793 2299 947 2355 meretricia
960 2299 1076 2372 quadarn
1091 2315 1156 2372 pro-
1206 2290 1308 2348 haberc
1320 2290 1429 2364 coliculi
1440 2290 1501 2347 site
1521 2289 1668 2346 societatis·
1688 2291 1857 2351 mitem:

355 2391 439 2446 terris
455 2393 638 2448 communitos
652 2392 747 2450 luisse.
765 2391 837 2451 Sunt
851 2393 879 2450 in
893 2393 970 2452 libris
979 2394 1050 2466 juris
1067 2395 1155 2467 expil-
1203 2385 1295 2458 utinm
1312 2397 1391 2450 0⁸⁸0,
1408 2382 1442 2438 ²⁴¹
1455 2382 1615 2454 exemplum
1633 2381 1780 2453 Reipublioe
1789 2379 1862 2434 bisne

354 2491 414 2540 enta
431 2483 490 2540 bec
503 2483 586 2540 uerita
601 2485 669 2557 legis
684 2527 693 2554 ,
713 2485 870 2542 eirolsitur.
885 2483 940 2544 Sed
961 2487 1007 2542 rix
1026 2502 1154 2557 umquam
1204 2493 1262 2535 mun
1273 2478 1332 2534 ⁸5¹⁰
1344 2467 1488 2549 ‘indicum
1498 2518 1507 2543 s
1518 2491 1678 2548 lterum.
1690 2473 1862 2546 tillim

354 2575 444 2646 magis
453 2575 518 2649 qnid
535 2575 600 2633 illud
613 2576 660 2644 sit,
672 2577 809 2650 apparuit,
819 2591 901 2648 qnam
912 2578 939 2634 in
952 2577 1154 2636 Donatistarum
1204 2571 1319 2643 fletique
1332 2579 1468 2642 ultimi,
1480 2571 1621 2642 insiliret
1638 2569 1697 2637 ΙΝ,
1711 2569 1729 2624 ¹·
1744 2584 1760 2635 ι,
1769 2567 1862 2636 0¹⁰⁶ss

354 2669 581 2740 tergiversatione
593 2680 676 2740 atque
691 2669 878 2728 irustratione.
893 2669 966 2742 Ergo
983 2670 1154 2728 llarcellinnt
1205 2665 1597 2737 unirers.nonn.Ergotaudem
1607 2661 1873 2745 ιιιιιιιιιςξξιιιωιιΙ

355 2763 581 2821 interlocutiones
595 2777 681 2836 prope
692 2773 856 2830 sexcentas,
876 2772 1013 2821 uteorum
1032 2763 1155 2820 indiliea·
1203 2769 1308 2832 septem
1322 2776 1356 2817 ex
1368 2775 1482 2815 numero
1489 2758 1710 2823 catbottoornm,
1720 2755 1873 2843 eudonem,

354 2859 420 2916 tioni
432 2867 600 2927 occurreret.
608 2861 785 2932 interponere
792 2871 903 2917 conotus
914 2861 974 2928 luit,
985 2860 1063 2933 prius
1072 2875 1153 2931 quam
1205 2857 1303 2914 bonati
1316 2855 1513 2927 deligerentur,
1524 2855 1573 2925 qni
1583 2869 1647 2910 sua:
1658 2851 1873 2909 unirun'ut'smu'

354 2951 388 3007 nd
403 2965 461 3007 rent
477 2963 526 3008 sos
539 2953 697 3008 restitantes
712 2966 851 3021 reuocare,
866 2951 940 3010 etad
955 2968 1066 3009 cansam
1080 2953 1153 3024 prin·
1204 2950 1334 3008 mandato
1358 2963 1469 3005 oausam
1496 2955 1636 3019 agerent,
1653 2957 1684 3002 et
1704 2943 1862 3016 disputabunt·

354 3045 469 3116 eipaleru
483 3043 659 3118 iudicandam
675 3046 770 3104 reniro
792 3047 923 3118 potuerit.
939 3047 973 3102 Et
991 3061 1056 3104 rero
1069 3061 1152 3120 opor-
1204 3051 1331 3100 texerent
1353 3043 1382 3098 in
1405 3041 1456 3098 bac
1469 3041 1639 3099 collatione.
1657 3040 1749 3097 Eomn
1766 3045 1861 3095 :aestui¹

356 3140 408 3197 tuit
429 3154 483 3195 nnu
505 3141 595 3198 minna
621 3140 729 3208 ciuilis,
753 3157 835 3214 quam
850 3141 935 3199 divini
947 3142 1153 3230 jurisperitum
1204 3141 1334 3213 princeps
1355 3141 1440 3196 ueluti
1459 3140 1511 3196 init
1531 3139 1597 3196 binc
1612 3126 1862 3209 angustiorem

356 3233 450 3302 luisse,
461 3241 491 3290 ut
504 3233 548 3292 bie
561 3245 705 3308 prestaret
719 3234 792 3306 quod
807 3244 867 3291 erat
884 3249 1007 3292 neeesse.
1022 3233 1088 3290 iiam
1100 3234 1191 3302 boc
1206 3251 1278 3292 nus:
1292 3245 1322 3292 ut
1334 3245 1362 3292 et
1374 3245 1456 3292 antea
1467 3234 1496 3292 bi
1505 3234 1618 3305 seriptis
1630 3223 1861 3289 adseruariund‘t'*

356 3327 465 3384 nntiste
490 3341 554 3385 eum
576 3327 736 3385 annularent
761 3341 823 3385 sese
844 3341 955 3384 earrsnm
981 3343 1064 3401 cgere
1083 3327 1154 3385 selle
1204 3328 1452 3398 terseseiuerant,
1464 3338 1492 3385 et
1502 3338 1561 3385 erat
1574 3329 1603 3385 in
1617 3345 1671 3384 suo
1682 3321 1855 3399 quisqnss'ste

355 3431 460 3477 tontum
482 3435 519 3479 ex
534 3421 620 3479 sacris
634 3421 744 3488 litteris,
760 3419 840 3478 sicuti
856 3419 999 3492 tbeolngos
1015 3420 1152 3477 decebat:
1203 3425 1399 3482 statuissimos.
1413 3423 1448 3480 Et
1467 3424 1620 3480 Petilianns
1633 3423 1684 3494 qoi
1697 3407 1859 3492 aliquas'atssRs

354 3525 446 3574 tanuen
458 3515 680 3589 proscriptiones
698 3515 818 3572 indultas
832 3531 866 3572 es
894 3515 999 3572 lorensi
1013 3514 1155 3572 tccbnolo·
1206 3518 1313 3587 iuerat,
1326 3519 1430 3592 jactare
1444 3517 1554 3574 solebat
1571 3533 1653 3573 saram
1668 3504 1862 3589 qtmotsauffll

354 3609 398 3680 gia
414 3609 584 3680 repetebant,
598 3624 659 3681 quae
672 3607 911 3680 sineiuriscirilis
932 3609 1090 3681 cognitione
1107 3623 1154 3664 re·
1205 3615 1385 3673 aduocatione
1415 3614 1541 3682 lorensi,
1572 3622 1606 3669 nt
1631 3614 1671 3669 ait
1704 3611 1763 3681 dog.
1777 3605 1861 3661 bunt

355 3701 412 3759 ielli
433 3715 486 3758 uon
503 3712 640 3774 poterent.
667 3702 812 3759 iliraretor
824 3701 933 3774 aliquis.
948 3717 1013 3771 eos,
1025 3717 1087 3758 eum
1100 3719 1154 3759 uu·
1205 3706 1286 3765 Perit.
1297 3723 1359 3780 cap.
1373 3708 1417 3764 li.
1433 3706 1487 3764 Sed
1499 3715 1544 3764 res
1560 3707 1620 3778 ipsa
1630 3705 1746 3763 ostendit
1755 3694 1859 3757 citisus

354 3793 437 3867 dique
449 3795 646 3867 conquirerent
656 3793 808 3869 omueslut
828 3793 1155 3869 'tucantldeeiinaturias
1205 3799 1328 3873 ineptum
1354 3800 1476 3857 rabulam
1505 3797 1690 3872 inisse,qui,
1707 3810 1772 3869 qnsn
1785 3785 1849 3846 tub-Li

354 3887 542 3961 exceptiones,
559 3898 650 3945 tamen
664 3903 719 3946 nou
732 3889 894 3960 excepisse,
907 3889 980 3961 qood
993 3889 1154 3945 Ambrosius
1205 3907 1315 3950 cansam
1326 3892 1361 3949 de
1372 3893 1492 3948 booten
1506 3893 1676 3964 impotenter
1685 3878 1855 3962 ageretnrinuiae'

354 3992 434 4038 antea
452 3991 597 4054 exceperat
617 3980 651 4036 ad
669 3979 851 4038 valentiniani
879 3981 997 4053 junioris
1019 3981 1156 4038 consisto-
1205 3985 1315 4054 quidem
1329 4003 1337 4040 ε
1352 3996 1383 4042 nt
1398 3985 1569 4055 impudentes
1588 3993 1619 4041 et
1630 3982 1729 4055 garruli
1743 3970 1855 4036 eunucu

357 4075 441 4145 rium,
454 4077 544 4134 aulica
559 4076 655 4135 iraude
667 4077 781 4134 lumine
803 4087 945 4144 erocum,
960 4085 991 4133 ut
1006 4076 1035 4132 in
1048 4091 1154 4134 eoeum
1206 4075 1313 4132 educant
1326 4085 1431 4133 temere
1445 4085 1473 4133 et
1484 4075 1611 4148 imperite
1629 4083 1659 4132 et
1671 4071 1770 4131 conius:
1786 4063 1862 4122 labli¹

356 4167 467 4226 Arianis
483 4169 647 4241 disputaret.
671 4169 725 4226 Sed
740 4169 991 4228 dissimilitudinem
1005 4171 1156 4228 obseruare
1206 4171 1265 4228 lent
1275 4171 1309 4226 de
1321 4171 1463 4243 religione.
1852 4241 1857 4251 ,

357 4259 438 4318 iueile
451 4261 515 4319 licet
529 4279 536 4318 ι
550 4272 578 4319 et
605 4263 754 4320 borratistae
776 4263 828 4320 sibi
850 4263 984 4338 gratulari
999 4263 1154 4330 debebant,
1243 4265 1333 4322 Porro
1343 4267 1405 4337 quia
1419 4264 1552 4322 Catholici
1566 4265 1603 4322 ab
1617 4264 1770 4336 imperatore
1779 4255 1865 4328 piuant

357 4367 419 4410 sese
441 4353 475 4410 ad
501 4355 594 4412 aulam
617 4355 732 4412 Hottrsril
746 4357 789 4415 rel
810 4358 1024 4414 transmarinum
1046 4355 1156 4432 aliquod
1207 4359 1504 4425 lationemilonatistae
1517 4348 1866 4416 volebantinutosbieiitt*

358 4443 477 4502 tribunal
490 4485 498 4513 ,
511 4447 592 4505 sicuti
607 4459 687 4506 antea
699 4451 806 4508 eruceri
821 4461 950 4508 curarant
965 4451 1155 4522 cecilianum,
1208 4454 1361 4528 legatorum
1376 4461 1405 4509 et
1425 4467 1532 4526 preces.
1547 4453 1712 4523 Quaerebmt
1729 4449 1793 4511 enirn
1808 4434 1873 4509 quat

361 4551 433 4594 nunc
448 4553 502 4596 uon
517 4541 636 4598 eruceri.
659 4540 687 4598 lu
703 4543 780 4601 betis
800 4545 933 4618 scriptum
947 4554 991 4602 est
1005 4545 1077 4602 ltnuc
1092 4543 1156 4602 Col·
1206 4542 1321 4622 'qunque
1332 4564 1436 4621 genere
1448 4548 1621 4605 arroderent.
1636 4504 1873 4621 flarcrlliutsffli

359 4632 490 4691 lationem
511 4633 631 4692 bnbttam
655 4651 719 4694 esse
743 4637 771 4694 in
796 4637 952 4696 secretario
976 4637 1156 4696 Thermarum
1170 4639 1268 4702 linem
1292 4642 1433 4715 pertinere
1453 4627 1873 4714 pronontiateetrespudstffl'

358 4727 586 4802 Gargilianarum,
601 4731 673 4805 qnod
687 4731 715 4788 in
730 4731 799 4790 urbe
815 4731 1026 4805 Gurtbagluensi
1050 4731 1160 4790 uidetur
1211 4733 1380 4806 pragmatico
1390 4748 1484 4804 preces
1494 4734 1577 4790 inseri
1590 4748 1645 4790 noo
1660 4733 1748 4790 solere
1763 4710 1873 4780 lew*

359 4823 444 4879 luisse
458 4823 624 4882 auditorium
635 4824 745 4896 aliquod
757 4825 859 4883 nobile.
878 4825 1030 4899 Cyprianus
1041 4841 1105 4884 reus
1117 4825 1160 4884 di·
1210 4836 1340 4898 peratore
1363 4843 1426 4885 esse
1446 4827 1627 4884 Collationem
1652 4841 1704 4883 non
1729 4819 1809 4877 muno
1822 4801 1873 4863 “³⁹

359 4914 476 4973 citurad
491 4929 635 4991 paternum
648 4917 843 4976 Proeuusulem
859 4918 1160 4992 Gortbnginensemad·
1211 4918 1361 4976 borracum
1382 4919 1611 4990 reprehendere:
1634 4919 1732 4992 quiaet
1750 4910 1788 4981 ipsi
1797 4905 1873 4999 W

359 5004 460 5064 ductus
472 5009 556 5066 luisse
570 5011 597 5066 in
608 5009 745 5082 quoddam
759 5007 955 5068 Seomtarium.
972 5012 1007 5070 Et
1017 5012 1045 5068 iu
1064 5013 1159 5070 codice
1211 5012 1362 5084 quandoid
1377 5012 1530 5084 petiissent,
1544 5021 1573 5069 et
1595 5025 1703 5068 musam
1719 4997 1818 5063 conten
1829 4991 1873 5042 ,pu

359 5097 592 5158 Constitutionum
613 5117 687 5174 :nepe
700 5114 813 5160 vocator
828 5103 1011 5162 secretarium
1024 5105 1158 5178 judicum,
1211 5105 1419 5164 Constantinum
1443 5105 1615 5163 retulissent.
1643 5105 1695 5162 Sed
1710 5103 1765 5159 dau
1782 5087 1873 5193 ¹²¹⁵.¹⁵i

361 5204 390 5251 ut
404 5193 604 5254 Consistorium
616 5197 760 5268 Principis.
775 5197 957 5256 Secreenriuru
971 5199 1095 5256 Praetorii
1113 5215 1161 5256 so-
1210 5199 1275 5270 quid
1291 5198 1571 5256 submurmurabant:
1588 5197 1669 5254 Noli:
1686 5181 1868 5268 (inquitiuni‘

360 5297 408 5347 cat
428 5294 595 5364 Anrgostinus
609 5293 678 5351 libro
691 5309 722 5350 ιιι
733 5305 826 5350 omum
838 5295 970 5353 Crescon-
990 5311 1052 5369 cap.
1069 5295 1113 5354 56.
1128 5297 1158 5354 in
1211 5291 1282 5348 libro
1296 5303 1357 5363 post
1369 5288 1618 5364 murocinetum
1632 5288 1753 5349 maritant.
1764 5262 1873 5383 baffi

361 5382 527 5456 liippouensl
544 5385 647 5444 balneo
664 5389 745 5445 soon.
757 5388 808 5444 snb
821 5390 964 5460 presenti:
981 5390 1075 5462 populi
1097 5405 1160 5448 sese
1210 5396 1356 5455 perunum
1379 5400 1486 5439 cosmos
1511 5400 1620 5458 oqonas
1640 5379 1757 5438 datm.
1768 5369 1813 5426 ltin
1825 5360 1873 5459 Ψ

362 5479 512 5535 contulisse
522 5493 586 5536 cum
601 5478 751 5539 Fortunato
764 5481 915 5539 binniebaeo
934 5481 1031 5537 scribit
1046 5484 1073 5539 in
1088 5483 1160 5541 libro
1209 5479 1292 5534 usioni
1310 5478 1455 5534 Donatistoe
1476 5478 1603 5534 aemilii
1616 5485 1711 5550 portent
1729 5453 1868 5526 attonat*

360 5579 457 5628 contra
469 5569 583 5628 Fortun.
600 5572 735 5631 in'iruilo
745 5573 842 5646 palatii
850 5575 1012 5632 conuenisse
1022 5575 1156 5650 synodusm
1210 5581 1298 5628 torunt
1306 5588 1394 5628 meros
1405 5588 1415 5629 :
1428 5588 1475 5626 nos
1496 5571 1555 5626 soie
1581 5539 1867 5644 poemenionem

361 5663 572 5737 constantinop.
605 5681 660 5722 uon
686 5677 729 5724 est
753 5669 883 5738 lgrsotum.
909 5668 986 5737 Quod
1009 5643 1101 5737 dieo,
1122 5686 1158 5727 ne
1209 5663 1246 5722 de
1272 5679 1304 5720 re
1320 5663 1460 5737 quidpiam
1474 5663 1502 5717 in
1519 5640 1862 5726 annotat.ad0ptatuu.tl¹l³

364 5759 427 5828 quis
444 5759 488 5817 bic
511 5757 668 5818 offendatur
694 5761 1001 5836 Tlrermiu'Gagiliauis.
1022 5761 1103 5820 Nunc
1124 5763 1159 5821 ad
1210 5767 1299 5816 terant
1323 5772 1357 5814 er
1381 5755 1533 5828 Augustino
1544 5754 1655 5812 recitari
1672 5722 1867 5839 exprofflffl

341 5853 432 5905 usn:
1158 5904 1165 5917 ,
1216 5849 1301 5907 tinum
1321 5817 1866 5918 marmenem-moure&
