3950 6317
61 304 130 368 nns
601 304 648 363 to
672 304 805 365 ιιιιιιιι
830 304 1018 364 umanum
1036 260 1175 365 urrant.
1636 312 1710 373 troo

61 423 186 489 vertisset,
202 420 310 478 tutnetd
322 420 425 492 reliqua
435 434 499 492 pars
508 417 629 491 eiusdem
640 421 748 493 generis
758 420 855 477 etiam·
866 426 894 489 Α
906 430 934 478 ιι
945 422 1114 494 Augustinus
1126 423 1153 479 iu
1169 421 1245 480 libris
1256 430 1352 481 contra
1367 422 1588 495 Parmenianum,
1604 436 1635 485 ut
1649 446 1708 491 me-

60 530 121 573 num
138 512 351 571 desideraretur.
365 511 426 569 lam
444 518 536 569 autent
555 511 596 584 (ut
610 510 664 569 irae
679 524 801 585 ternpore
818 513 852 571 ad
905 515 985 572 ntinit
1003 517 1088 572 nostri
1114 516 1216 589 Optati,
1244 520 1283 573 sic
1305 526 1333 575 et
1356 518 1467 575 alterius
1490 520 1642 592 cujusdam,
1658 524 1707 595 qui

61 610 205 665 lectionem
214 617 297 681 atque
306 605 519 679 recognitionem
528 606 662 677 religiosae
682 606 853 678 antiquitatis
905 608 1039 665 Donatum
1055 608 1219 681 sequebatur
1234 627 1241 665 ε
1258 620 1340 682 utque
1354 610 1381 667 in
1404 610 1545 685 bagaiensi
1568 624 1705 671 conventu

60 701 258 761 Ecclesiastico
272 702 419 759 multorum
429 701 519 759 studia
532 710 704 769 revocantur,
718 716 762 769 ac,
773 702 797 757 si
808 717 853 759 sa·
905 700 1117 769 Donatistarum,
1134 702 1204 759 iuter
1217 717 1311 759 eorum
1326 705 1462 763 antistites
1475 708 1631 766 nominatur
1641 709 1704 782 qui·

60 806 150 868 perona
170 795 262 863 multi,
279 797 373 868 piures
385 797 589 869 revocarentur)
603 810 664 853 curn
682 804 809 869 ageretur
818 794 853 855 de
903 794 966 852 dam
979 794 1097 865 Optatus
1112 813 1120 851 s
1135 796 1174 851 sic
1189 797 1215 852 in
1237 794 1358 853 cirtensi
1382 798 1486 871 synodo
1499 797 1703 859 Gatltclicorum

60 890 213 949 recudenda
228 906 336 963 qnoque
354 892 454 963 Optato
467 891 543 960 diro,
558 892 605 964 qui
623 891 688 948 olim
702 893 853 949 mendosis·
904 903 965 946 cunt
980 889 1041 958 ipso
1053 902 1162 959 quoque
1175 885 1326 959 Augustino
1339 888 1495 946 celebratur
1507 892 1576 949 alius
1588 891 1704 965 Optatus

59 988 136 1043 timus
150 987 179 1043 in
190 985 338 1044 Germania
349 986 439 1043 editus
452 986 512 1053 luit,
527 988 578 1045 etsi
594 1002 638 1044 me
652 986 792 1044 Librarius
805 1002 852 1059 ap·
902 982 1037 1039 bonarum
1062 981 1178 1052 partium
1202 991 1340 1053 patronus.
1356 983 1391 1037 lit
1406 998 1471 1040 tero
1484 985 1651 1056 Augustinus
1668 986 1703 1041 ti-

59 1078 169 1150 pcilarit,
196 1078 246 1150 qui
267 1078 455 1151 suspicabatur
477 1094 521 1135 nte
542 1078 667 1135 lubenter
688 1078 755 1137 dare
777 1079 852 1138 nisce
903 1074 1702 1136 brunadellrtitateltinitatiscoutraFelicianumtlrianum

59 1172 241 1243 Scriptoribns
266 1170 465 1229 Ecclesiasticis
487 1173 764 1246 quantulumcumque
783 1160 852 1230 tem·
903 1170 1015 1241 scripsit
1028 1166 1062 1225 ad
1077 1169 1217 1241 optatum,
1233 1184 1313 1243 qucm
1326 1169 1408 1227 etiam
1423 1179 1502 1229 vocat
1514 1171 1599 1229 lilium
1620 1172 1704 1231 diiec-

59 1264 125 1332 poris
138 1278 251 1336 posatttu
263 1264 389 1323 civilibus
406 1265 496 1337 legunt
510 1265 609 1323 studiis
630 1266 789 1333 deiraltcre;
812 1275 853 1321 ta·
902 1263 1048 1320 tissimum.

59 1374 112 1415 mort
126 1358 384 1431 magialestinabat,
397 1373 479 1431 quam
493 1367 523 1415 nt
542 1359 666 1431 conquiri
690 1358 782 1415 omnia
802 1373 852 1415 au·

59 1454 117 1509 tilia
128 1462 253 1525 possent,
265 1468 328 1525 qua
336 1452 463 1527 Optarunt
478 1454 506 1513 in
516 1455 651 1526 integrum
664 1454 848 1513 restituerent.
936 1452 1091 1523 Aliusergo
1102 1450 1275 1519 luitlloster,
1287 1462 1315 1509 ct
1328 1452 1414 1509 multo
1425 1452 1527 1513 senior.
1543 1452 1598 1509 Sed
1609 1468 1699 1527 neque

58 1544 141 1617 ltaque
159 1545 306 1617 respondi,
326 1546 397 1603 bunc
410 1545 577 1617 Scriptorum
589 1545 699 1618 quidem
721 1547 849 1620 dignissi·
900 1546 1046 1619 quidquam
1061 1544 1155 1601 babuit
1174 1560 1319 1603 conrmune
1339 1560 1400 1601 cum
1426 1543 1473 1601 illo
1494 1544 1594 1617 Optato
1607 1542 1701 1603 Gildo-

58 1653 122 1695 uum
136 1652 207 1705 esse,
230 1638 276 1709 qui
288 1637 446 1709 diligentius
469 1650 720 1711 recognosceretur,
734 1640 784 1697 sed
803 1654 848 1697 me
898 1642 993 1711 triano,
1013 1642 1092 1713 cujus
1106 1641 1262 1713 irequenter
1275 1643 1400 1699 meminit
1420 1641 1597 1714 Augustinus.
1614 1642 1653 1697 tle
1666 1656 1702 1697 ne

58 1733 101 1786 ιιι
115 1740 239 1801 tempore
258 1739 362 1787 tantum
384 1730 510 1789 conierre
524 1748 604 1802 posse
614 1740 805 1791 sexcentorum
819 1733 847 1790 itt
898 1735 1009 1806 quidem
1023 1735 1148 1793 eumdem
1162 1734 1245 1791 luisse
1260 1734 1335 1791 illum
1349 1744 1425 1807 puto,
1441 1748 1522 1806 quem
1538 1731 1702 1790 Athanasius

59 1840 83 1879 to
92 1825 212 1881 locorum
226 1807 444 1885 emendationem
459 1844 466 1882 :
482 1827 560 1899 cujus
572 1829 681 1899 quidem
702 1830 848 1885 maximam
862 1832 887 1895 Β
900 1828 1004 1895 laudat,
1018 1838 1045 1885 et
1064 1826 1092 1882 in
1114 1828 1194 1900 'lyris
1209 1827 1315 1899 synodo
1334 1826 1505 1883 deiettsorem
1518 1841 1597 1881 suum
1615 1825 1700 1884 luisse

59 1928 149 1975 nartem
164 1919 263 1991 repetii
274 1936 308 1977 ex
321 1920 507 1992 rrtattuscriptn
518 1922 679 1993 erentptari,
693 1922 765 1993 quod
778 1924 845 1981 mibi
897 1921 1049 1994 sigtriiioat;
1063 1935 1125 1975 narn
1136 1918 1294 1992 AEgyptium
1306 1920 1464 1991 episcopum
1476 1918 1561 1975 luisse
1575 1918 1623 1976 ait.
1639 1918 1700 1989 Qun

58 2012 174 2069 utendum
197 2012 345 2084 aliquando
370 2012 500 2071 ‹leditrir
519 2014 695 2072 doctissimus
717 2015 847 2073 Claudius
898 2024 1022 2085 tempore
1035 2024 1129 2071 noster
1141 2013 1272 2083 lloruerit,
1291 2014 1387 2087 liquet,
1415 2029 1477 2070 oum
1496 2013 1623 2071 siricium
1643 2012 1701 2085 epi·

57 2108 211 2180 ispencacts
234 2108 376 2180 theologus
402 2108 572 2167 Parisiensis.
596 2110 654 2167 Etsi
677 2120 846 2169 autemnon
897 2104 1700 2179 scopumllomanumappellatsuurnsocium.ilierottymus

57 2203 181 2259 nescirem
205 2218 262 2259 nott
276 2201 363 2259 multo
376 2204 521 2274 paucmres
542 2218 686 2275 superesse
700 2204 787 2272 locos,
799 2203 847 2277 qui
898 2201 976 2258 testis
987 2210 1031 2258 est
1042 2200 1092 2257 bos
1106 2217 1167 2258 eurn
1183 2201 1268 2259 libros
1276 2200 1420 2273 scripsisse
1433 2199 1631 2272 imperantibus
1646 2198 1701 2255 Va·

57 2310 143 2367 magna
156 2294 250 2351 mendi
265 2293 420 2365 suspicione
434 2294 575 2361 laborant,
600 2294 650 2353 ted
673 2295 763 2353 sanari
787 2297 847 2355 sine
898 2294 971 2351 lente
985 2306 1014 2352 et
1028 2294 1229 2353 Valentiniano.
1254 2294 1391 2352 Potuisset
1404 2292 1506 2361 dicere,
1521 2290 1699 2351 Theodosio:

57 2387 147 2445 rutilio
158 2389 261 2446 soteris
276 2388 354 2455 libri,
370 2389 413 2446 via
423 2404 456 2446 ac
471 2404 507 2448 tte
519 2389 564 2447 ris
578 2389 686 2462 quidem
708 2399 823 2461 possent
837 2408 845 2447 :
898 2388 1014 2448 muitum
1028 2398 1119 2445 autem
1133 2390 1248 2446 intcreet
1261 2389 1343 2457 scire,
1358 2404 1411 2460 quo
1427 2388 1488 2459 quis
1512 2395 1638 2459 tempore
1651 2387 1701 2443 ali·

57 2490 77 2537 et
85 2491 223 2553 propterea
236 2480 366 2556 Optatum
377 2484 507 2557 optimum
519 2485 666 2542 maximnm
679 2485 754 2553 dare,
767 2486 847 2543 sicuti
898 2481 962 2553 quid
975 2482 1126 2555 scripserit,
1142 2482 1293 2554 prasertim
1308 2482 1352 2539 ttbi
1362 2482 1397 2539 de
1406 2482 1600 2552 cotttrorersiie
1610 2481 1701 2539 eccle·

56 2574 183 2643 anabusn,
209 2590 266 2633 non
282 2592 409 2648 possem
424 2586 514 2633 tamen
528 2579 634 2635 interea
649 2596 702 2636 rann
725 2583 847 2639 resumat
897 2576 1015 2633 siasticis
1036 2576 1174 2649 quaeritur.
1200 2576 1429 2645 Parrttenianum,
1454 2591 1536 2648 quem
1564 2584 1702 2649 oppugnat

56 2668 132 2725 multo
152 2668 308 2737 meliorem,
331 2686 413 2743 quam
436 2671 569 2728 ltacteutts
590 2670 650 2739 luit,
672 2672 735 2742 edi,
755 2675 848 2746 potius
898 2668 1024 2741 Optatus,
1041 2670 1124 2727 luisse
1138 2685 1338 2739 successorem,
1365 2686 1420 2727 non
1436 2670 1510 2726 illius
1534 2669 1628 2725 Donati
1648 2669 1701 2725 Ca·

56 2775 137 2831 quant,
153 2763 242 2833 qualis
265 2770 345 2821 antee
370 2763 452 2836 plane
474 2764 630 2835 iniquinatus
651 2765 752 2837 luerat,
773 2769 847 2826 idem
898 2764 997 2832 sensis,
1012 2766 1058 2836 qni
1078 2764 1253 2821 Caecilianum
1268 2778 1371 2821 verare
1395 2764 1489 2836 coepit,
1518 2762 1567 2819 scd
1586 2762 1701 2820 alterius

56 2855 230 2914 recuderetur.
256 2856 436 2929 speraverant
458 2856 568 2930 quidem
579 2868 654 2917 certe
672 2876 846 2921 accessurum
899 2874 954 2915 nnn
965 2860 1057 2916 minus
1068 2860 1156 2917 insani
1167 2860 1266 2917 Donati
1281 2858 1514 2932 Cartbagincttsis,
1529 2858 1574 2929 qui
1590 2870 1700 2913 ιιιιιιι·

56 2952 160 3009 alterum
174 2953 377 3011 emendationis
399 2954 556 3026 praesidium
570 2971 603 3013 et
619 2958 713 3013 codice
735 2955 847 3014 loannis
898 2962 973 3009 serat
985 2952 1023 3009 illi
1034 2952 1178 3023 llajnrino,
1198 2968 1279 3025 quem
1292 2955 1366 3025 prior
1381 2953 1512 3020 Donatus,
1527 2965 1558 3007 ut
1570 2948 1695 3009 (lucilia-

56 3043 109 3101 litii
119 3046 238 3119 episcopi
251 3046 409 3103 Driocensis
418 3056 449 3103 ιιι
460 3057 582 3104 reiorum
595 3048 735 3116 librorum,
747 3049 787 3105 sic
797 3065 847 3106 an·
899 3068 964 3108 num
978 3052 1149 3124 percelleret,
1162 3052 1333 3109 ordinaverat
1345 3051 1502 3124 episcopum
1515 3048 1698 3121 Catltaginen-

55 3138 199 3209 tiquitatum
218 3140 473 3199 Ecclesiasticarutu
488 3142 691 3200 studiosissimi.
704 3144 758 3203 Sed
772 3144 846 3217 quod
897 3160 966 3212 seru,
996 3164 1029 3205 er
1054 3146 1204 3218 Augustino
1223 3145 1377 3202 didicimus.
1403 3144 1575 3202 Parmenioni
1601 3152 1694 3201 autem

55 3230 101 3303 jara
114 3244 224 3305 propter
238 3234 392 3291 absentiam
407 3236 558 3292 doctissimi
571 3237 710 3293 antistitis
723 3232 881 3309 praestariC
897 3240 1051 3309 epistolam,
1068 3240 1111 3295 cui
1127 3238 1274 3311 respondet
1283 3236 1409 3310 Optatus,
1421 3238 1550 3310 scriptam
1566 3236 1651 3294 luisse
1664 3235 1698 3293 ad

55 3336 102 3379 nort
117 3326 212 3396 potuit,
226 3327 317 3383 altera
330 3326 401 3384 iurtc
415 3327 499 3384 editio
510 3337 602 3399 postea
614 3331 761 3402 praestabit.
897 3334 1041 3391 'liconium
1054 3333 1191 3391 bominem
1204 3331 1339 3389 eruditum
1354 3339 1381 3387 et
1390 3332 1573 3405 eloquentem,
1588 3330 1633 3401 qui
1644 3342 1699 3388 uon

86 3418 211 3488 liquidem
234 3418 409 3477 dissimulare
421 3436 471 3478 nec
486 3436 595 3493 possum
616 3439 667 3481 nec
679 3424 845 3497 voloeingn·
898 3424 1699 3501 mttsatioqutburtuttstuosscridrnstur,idemtitgurttnus

55 3507 98 3564 lari
109 3510 223 3581 quadam
236 3512 410 3569 observantia
421 3529 465 3569 mc
477 3513 549 3571 allici
564 3530 627 3588 crga
642 3516 785 3576 Airicanos
797 3533 845 3575 ve·
897 3523 1030 3596 significat
1041 3543 1048 3579 ε
1059 3522 1105 3595 qui
1117 3533 1143 3579 et
1152 3532 1245 3595 postea
1256 3521 1454 3577 adversttseam
1461 3516 1698 3591 Parmenioninpi-

56 3603 116 3659 teris
128 3605 258 3664 Ecclesiae
267 3605 475 3679 doctorca,quos
487 3608 633 3667 decatum
646 3612 778 3683 praeclare
790 3628 846 3671 me·
897 3616 995 3669 stolam
1003 3608 1408 3683 librostresscripeitOptatum
1420 3614 1619 3664 veronostram
1631 3605 1700 3662 scri·

55 3695 130 3765 ritus,
142 3708 169 3755 et
187 3700 311 3772 quidem,
326 3699 482 3758 aliisveluti
496 3702 685 3761 deicientibus
699 3705 846 3776 Scriptnri·
898 3704 985 3776 psisse
999 3704 1084 3760 libros
1104 3718 1151 3759 sex
1168 3704 1206 3759 ait
1230 3702 1411 3773 Hieronymus
1426 3718 1433 3754 a
1449 3700 1507 3757 scio
1527 3696 1698 3755 circumferri

55 3786 223 3860 lusitanis,
250 3800 304 3849 ιιιιι
327 3793 368 3849 illi
382 3792 498 3850 ideliter
518 3794 681 3869 lurtiterquc
703 3808 847 3854 succentu-
896 3797 1040 3869 quemdam
1061 3797 1226 3867 septimtnn;
1241 3794 1288 3851 sed
1304 3795 1362 3865 ipse
1373 3792 1487 3863 Optatus
1505 3806 1558 3848 non
1582 3790 1699 3847 obscure

56 3881 133 3940 riotos
146 3899 207 3942 esse
226 3886 327 3943 sentio.
346 3886 455 3944 llemiui
477 3903 538 3943 curn
557 3900 623 3945 ante
638 3890 740 3963 aliquot
759 3906 845 3951 annos
897 3890 1039 3962 prolitetur
1049 3904 1103 3944 non
1115 3889 1166 3945 nisi
1177 3902 1225 3943 sor
1235 3882 1598 3955 absseessescriptosaubi
1607 3893 1633 3938 ιι
1642 3881 1698 3937 sin·

56 3974 190 4036 llinuciunt
204 3980 327 4047 ιιιιιιιι,
341 3996 422 4054 quem
431 3997 494 4038 cum
504 3981 682 4053 Tertulliano,
697 3984 844 4059 cypriano,
895 3982 1020 4054 gulorum
1041 3990 1228 4053 argumentum
1244 3996 1298 4035 non
1312 3978 1480 4051 ineleganter
1494 3981 1695 4047 premonstrat.

56 4073 169 4132 lrrtnbio
180 4077 367 4146 sortierebam,
382 4079 506 4136 laudasse
521 4096 564 4138 tue
579 4090 733 4152 propterea,
750 4084 845 4141 iecun-
896 4078 1043 4135 Pollicetur
1056 4091 1118 4135 sose
1135 4074 1302 4147 adiecturum
1315 4074 1438 4144 quanam
1453 4082 1529 4137 acta;
1554 4068 1602 4126 sed
1627 4068 1698 4124 banc

57 4164 113 4221 dam
137 4168 208 4225 illam
223 4170 385 4243 lelicetnquo
399 4171 528 4239 siriani,
551 4188 611 4245 qum
634 4185 662 4230 ut
676 4189 783 4247 semper
795 4177 846 4249 (sic
896 4171 1075 4244 appendicem
1095 4184 1148 4224 non
1163 4168 1281 4223 invenio.
1299 4166 1372 4221 Libri
1389 4164 1467 4235 primi
1483 4161 1619 4233 precipua
1629 4173 1698 4231 quo·

56 4260 121 4315 0¹¹i¹¹¹
134 4277 167 4317 0⁰
181 4272 304 4334 lembore
317 4264 425 4338 scripsi)
442 4266 542 4337 aliquid
556 4267 618 4321 novi
632 4270 711 4341 112
724 4269 846 4339 prolerre
896 4282 950 4339 que
964 4266 1053 4338 capita
1070 4264 1235 4335 Augustinus
1246 4258 1405 4332 perstrinxit
1414 4258 1484 4316 libro
1498 4257 1585 4327 primo
1598 4261 1696 4310 ortotru

56 4352 114 4407 olim
136 4356 288 4423 dicebatur,
304 4359 345 4415 sic
356 4358 438 4414 etiarn
460 4358 599 4431 religionis
613 4372 715 4417 nostra·
726 4362 846 4420 viridiset
896 4358 1117 4417 l‘armeuianuut.
1142 4354 1247 4425 Legant
1264 4352 1309 4423 qui
1324 4353 1419 4407 volunt
1433 4348 1543 4421 (inquit)
1555 4362 1616 4417 quat
1629 4359 1692 4401 uar-

56 4454 80 4499 ct
91 4454 214 4514 patronos
230 4449 404 4507 doctissimos
420 4452 622 4525 acerrimusque
640 4454 763 4525 protulit.
777 4456 845 4512 llam
896 4462 950 4516 rat,
972 4460 1000 4507 et
1019 4450 1119 4520 quibus
1136 4446 1307 4503 documentis
1321 4459 1401 4515 quam
1416 4441 1500 4499 multa
1523 4437 1697 4511 persuadeat,

56 4545 80 4590 ct
90 4554 122 4593 ex
133 4556 163 4594 ea
179 4542 321 4613 prodibant
337 4543 429 4601 bootes
451 4544 561 4600 minime
574 4544 674 4616 ignari.
695 4545 781 4615 Quale
795 4548 847 4603 lio-
897 4542 1060 4599 venerabilis
1070 4530 1698 4606 metatoriollileritanusepiscopusCatbolicse

56 4633 140 4690 ciesiae
154 4637 252 4693 bellurn
263 4637 601 4710 indixerit,·quatnnmque
623 4640 778 4696 incendium
801 4654 847 4697 ao-
859 4626 886 4691 O
897 4632 1097 4693 communionis
1108 4631 1223 4703 Optatus
1243 4630 1301 4685 sive
1315 4628 1349 4685 de
1361 4627 1461 4684 Lucilla
1474 4624 1699 4699 pecuniosissima

56 4727 171 4785 cettderit
195 4746 265 4787 unus
278 4730 399 4789 Donatus
410 4730 536 4799 llumida,
557 4739 641 4788 testes
652 4742 716 4789 sunt
729 4730 846 4789 dammae
901 4737 965 4785 tunc
983 4738 1011 4783 ct
1026 4724 1216 4783 iactiosissima
1241 4722 1363 4787 immina,
1390 4734 1469 4791 quant
1494 4732 1544 4790 pro
1569 4717 1698 4775 Ecclesiae

56 4816 173 4877 laesionis
200 4824 366 4881 Donatinnte.
389 4823 459 4893 Quid
483 4824 604 4899 loturum
623 4827 729 4894 erat,si
744 4826 779 4883 ad
799 4843 847 4884 eas
898 4822 1044 4892 disciplina
1069 4819 1098 4877 S.
1123 4816 1284 4873 Caecilianus
1308 4814 1542 4871 adbucdiaconus
1567 4810 1697 4866 leserat:

57 4913 261 4985 exstinguendas
274 4915 370 4974 eadem
386 4917 462 4989 regio
476 4932 530 4973 nott
549 4918 685 4973 emisisset
707 4918 750 4975 vel
763 4916 847 4989 Opta-
899 4917 941 4974 vel
955 4914 991 4974 de
1000 4914 1105 4973 caveris
1118 4911 1244 4967 laetinnis
1258 4911 1317 4981 ejns
1330 4906 1512 4972 cottsortibus,
1528 4904 1585 4960 sive
1596 4900 1702 4957 iuribus

58 5012 239 5066 turranostr'um
265 5012 292 5066 in
312 5009 435 5067 Numidia
458 5010 641 5068 liilevitanum
670 5011 846 5084 Episcopum,
899 5006 1079 5066 ecclesiastici
1090 5002 1205 5076 argenta
1220 5002 1278 5059 sive
1290 5002 1323 5058 ad
1334 5002 1628 5072 episcopatumsenou
1640 5009 1700 5064 per-

58 5098 96 5153 sci
111 5101 196 5171 ipsum
211 5104 363 5175 paulopost
382 5101 560 5175 augustinum
577 5122 584 5157 ι
601 5102 647 5159 illa
661 5102 846 5160 dicoduolu·
900 5102 1008 5161 venisse
1023 5090 1187 5163 dolentibus,
1202 5096 1292 5155 etsibi
1308 5094 1448 5167 praelatum
1470 5088 1700 5147 Caecilianumin·

58 5192 123 5247 mim
137 5193 277 5267 Ecclesia,
290 5204 319 5253 et
338 5195 471 5252 adversus
495 5195 589 5251 ltnstee
603 5196 712 5267 pietatis
729 5196 784 5253 dno
797 5196 849 5253 iul·
901 5196 988 5261 aldiis,
1002 5194 1100 5266 quibus
1114 5200 1250 5266 poterant,
1266 5187 1476 5251 insectatttlbus;
1489 5183 1547 5239 site
1560 5182 1594 5239 de
1604 5180 1699 5249 Numi-

58 5286 123 5341 mina
138 5289 297 5346 ιιιιιιιιιιιιιι
317 5289 398 5346 ιιιιιι
417 5288 542 5362 llagnutn
567 5290 691 5361 prolecto
705 5289 848 5361 religionis
901 5286 1102 5359 discpiscopis,
1116 5300 1184 5358 quos
1197 5284 1248 5340 ista
1259 5282 1339 5339 lactio
1350 5284 1547 5336 convocaverat
1559 5273 1593 5330 ad
1608 5272 1698 5345 perni-

59 5379 204 5449 prasidiunt
217 5384 266 5440 luit
279 5384 465 5441 llilevitanum
475 5383 638 5449 Cottoilium,
648 5387 693 5440 cui
704 5394 734 5441 et
744 5388 850 5457 bugue-
900 5382 972 5438 ciem
981 5378 1128 5447 Caeciliani,
1142 5387 1212 5434 uteo
1222 5374 1347 5447 deposito
1358 5371 1427 5426 alter
1440 5369 1621 5425 ordinaretur.
1635 5364 1700 5421 llaec

59 5470 125 5529 tinus
139 5477 266 5533 interluit.
280 5477 336 5535 Sed
355 5477 437 5547 paulo
464 5487 529 5535 ante
553 5477 678 5534 Ecclesia
693 5478 847 5535 llileritana
900 5474 958 5531 ille.
973 5472 1040 5542 Quae
1053 5456 1128 5528 tinto
1148 5469 1285 5527 lubentius
1309 5479 1382 5521 nuno
1400 5461 1521 5525 recitari,
1537 5460 1600 5530 quia
1622 5458 1650 5515 in
1666 5457 1699 5513 iis

59 5562 165 5623 dederat
178 5570 309 5627 ιιιιιιιιιι
318 5569 467 5627 Catholicae
477 5586 602 5644 maguum
617 5572 847 5639 subsidium,cum
901 5568 1009 5626 dicatur
1019 5574 1112 5624 noster
1122 5565 1236 5635 Optatus
1246 5552 1610 5615 cutnmuniuniscutnotico.
1627 5550 1699 5621 Ergo

59 5656 247 5718 adversoavim
270 5672 299 5720 et
320 5661 433 5717 insidias
447 5663 647 5721 Donatistarum
671 5680 749 5722 suurn
764 5664 847 5739 Opta·
900 5662 965 5719 licet
991 5660 1025 5715 ad
1052 5657 1180 5731 Cypriani
1206 5664 1233 5709 ιι
1259 5666 1366 5717 eorum,
1387 5648 1432 5720 qui
1447 5642 1634 5713 illisullragati
1648 5642 1699 5699 ali-

59 5757 111 5806 tum
121 5750 201 5811 dedit.
213 5759 251 5811 Ac
261 5755 362 5812 multos
372 5754 482 5826 quidem
493 5758 527 5812 iis
538 5758 704 5829 temporibus
717 5759 743 5814 in
756 5758 847 5818 ilirica
902 5757 1011 5831 quando
1024 5763 1106 5819 sunt,
1129 5748 1288 5805 sententiam
1311 5745 1345 5802 de
1359 5740 1493 5813 baptismo
1508 5736 1698 5795 ictericorum

59 5836 256 5917 ittissertatoe
269 5848 396 5920 legimus,
408 5848 487 5909 ralde
499 5849 600 5921 alioqui
609 5850 767 5912 dissimiles.
779 5852 847 5912 Nam
903 5853 1028 5911 videatur
1043 5845 1202 5909 accessisse,
1217 5854 1296 5911 quam
1308 5845 1399 5911 prisma
1411 5832 1577 5905 domelinae
1586 5836 1614 5887 et
1626 5829 1701 5886 dnm-
