3950 6317
63 321 113 378 673
755 317 992 379 blesensium
1652 324 1706 385 dli

63 442 134 509 pqp'nr
159 446 195 490 cst
215 436 332 507 pentiarn
343 436 473 493 Meteri
487 453 532 508 per
553 448 682 493 ammenta
701 438 895 510 mercensi
945 437 1166 509 Temputetiam,
1183 454 1237 512 quo
1251 441 1295 498 lric
1310 442 1341 497 l).
1354 441 1471 499 zenonis
1481 442 1623 501 Tractatus
1637 445 1706 501 arri·

64 535 98 587 bc
115 530 331 601 patrocinium
353 533 473 603 ipsorum
498 540 580 589 secte
599 531 806 597 aCoostantio,
826 540 855 587 et
906 540 969 602 ptus
982 529 1077 599 inerit,
1092 534 1228 605 conjicere
1247 535 1299 591 sibi
1318 550 1397 606 posse
1419 536 1545 595 ridentur
1558 538 1703 594 clarissimi

63 624 190 690 Valente,
204 624 410 694 imperatoribus
423 624 458 681 ab
466 622 693 696 Ariattiscaptato
700 638 853 695 exponere,
906 622 1043 679 ballerinii
1061 624 1143 697 (Adri.
1163 622 1227 697 Silla
1243 627 1319 693 Quod
1338 628 1360 682 ri
1377 630 1419 683 cni
1435 628 1570 699 probetur,
1587 632 1646 705 jam
1662 628 1705 683 bie

62 738 120 793 nna
131 722 202 777 ratio
215 721 272 777 esti
283 720 349 777 liant
363 730 391 777 et
404 734 465 793 post
477 723 593 794 primunt
616 724 746 781 Ecclesiru
766 738 856 780 saco·
906 720 1007 789 pritrrtta
1020 716 1316 775 Tractatnrltccuirntua
1326 721 1418 793 [oinct
1431 732 1489 795 port
1502 723 1570 778 diem
1585 732 1705 795 quartum

63 817 114 871 lnrn
128 814 345 886 impetitoribus,
355 829 389 871 ac
402 814 526 872 lionano
537 818 644 873 senstoi
656 818 766 873 oblatas
774 816 857 873 Clrri·
906 808 971 867 Kal·
986 810 1084 881 apr-liic
1101 826 1170 865 nunc
1183 810 1253 875 564,
1267 828 1319 883 ruo
1338 810 1431 869 Volent
1445 828 1554 887 rrpnrre
1565 816 1650 885 coeplt.
1666 814 1705 871 lta

63 911 208 965 suanorum
221 905 395 963 defensiones
408 906 494 965 fuisse
505 917 631 976 coppim
645 919 674 967 et
695 924 710 964 a
730 910 761 967 S,
782 910 857 979 Qun.
905 903 968 974 ipsi.
979 901 1047 958 Cttttt
1062 918 1130 959 701'0
1144 903 1262 961 illenim
1277 919 1372 961 eurum
1384 906 1532 964 Viderimus
1543 908 1706 982 interpreta-

65 1003 141 1058 drato
165 998 331 1057 Athenarum
354 1002 502 1071 episcopo,
521 1012 603 1073 atque
624 1001 762 1070 Aristide,
777 1000 857 1060 Cirri-
906 998 1020 1065 tionem,
1035 997 1459 1070 exciditconp'ectrtrntemporis.

63 1093 327 1166 stianonilosopbo,
339 1094 476 1151 lindriaco
486 1096 642 1167 imperatori
656 1116 663 1153 :
677 1097 732 1155 aS.
748 1096 856 1155 iustitio
940 1092 970 1149 si
984 1106 1050 1148 vero
1064 1092 1231 1163 conjecturis
1247 1092 1386 1165 indulgere
1406 1092 1503 1161 liccat,
1530 1096 1629 1167 potiori
1643 1096 1705 1167 jure

67 1186 181 1263 tnarlyre
197 1192 309 1262 primurn
325 1191 465 1247 Antonino
476 1190 535 1258 Pio,
552 1202 608 1248 torn
624 1192 716 1249 ltarco
728 1194 855 1258 itrrelio,
905 1196 971 1241 ente
990 1200 1091 1241 annum
1111 1186 1143 1241 C·
1159 1184 1224 1251 254,
1239 1202 1293 1258 prro
1305 1184 1438 1257 Origenes
1451 1188 1552 1244 obiisse
1566 1189 1704 1258 creditur,

63 1294 88 1341 nr
101 1284 181 1340 anneis
194 1284 265 1341 vtro
277 1284 498 1355 imperatoribus,
513 1299 545 1341 ss
554 1285 662 1341 senatui
672 1284 813 1350 pompam
827 1292 857 1341 sc
905 1277 949 1333 rel
962 1287 1024 1348 post
1035 1276 1120 1348 ipsius
1133 1278 1256 1349 origenis
1267 1278 1383 1346 obiturn,
1399 1286 1541 1336 tractatum
1553 1280 1625 1337 lrttno
1638 1282 1706 1338 scri·

64 1396 77 1433 a
92 1378 217 1435 ltslttone
227 1380 357 1449 episeopo
367 1378 496 1434 &mensi
512 1378 538 1433 t„
552 1378 629 1445 Asta,
643 1378 734 1434 iteres
743 1379 856 1435 auferto
907 1380 982 1439 ptum
994 1370 1078 1426 tuisse
1088 1369 1230 1427 dicendum
1239 1371 1300 1428 erit.
1313 1368 1484 1444 Gorrjecturre
1495 1372 1576 1445 bnjus
1586 1374 1705 1432 rationes

64 1471 217 1542 imperatori
230 1481 328 1539 :atque
338 1471 373 1525 ab
383 1471 458 1538 aliis,
471 1486 570 1543 nempe
586 1470 621 1525 ab
631 1470 780 1541 Apollinari
794 1470 856 1536 cpi·
905 1462 1121 1520 consideremus·

64 1577 141 1633 scopo
156 1563 367 1635 llerapolitano,
397 1564 553 1621 aililtiade
575 1562 714 1637 tbrolopo,
734 1574 762 1621 et
783 1565 855 1621 aliis.
944 1556 1033 1613 Prinna
1046 1558 1116 1613 ratio
1131 1568 1187 1622 est,
1204 1558 1275 1629 quod
1298 1558 1341 1615 ltic
1361 1560 1505 1617 innotatus
1520 1560 1635 1631 epistola
1654 1576 1704 1632 po·

64 1655 226 1711 Christianos
238 1670 305 1710 vero
320 1671 382 1712 esso
403 1672 451 1712 pos
465 1698 472 1720 ‚
488 1658 535 1727 qui
551 1674 647 1729 regum
661 1658 774 1714 martine
788 1674 857 1713 prin-
906 1647 960 1704 tius
972 1647 1056 1705 fuisse
1069 1648 1187 1717 videtui,
1202 1666 1282 1721 qtlitltl
1299 1651 1395 1709 euticio
1408 1652 1441 1708 dd
1453 1651 1587 1724 Populum
1601 1652 1703 1709 habiit.

66 1757 200 1817 ntpaotur,
216 1749 368 1819 excogitata
380 1748 570 1821 interpretatio
581 1759 640 1817 est,
656 1750 729 1807 nulla
748 1752 790 1806 vot
805 1751 857 1807 leci
907 1742 944 1799 lta
954 1742 1085 1799 adtrotatrt
1099 1744 1209 1815 ipsimet
1225 1746 1416 1817 sapientissimi
1429 1747 1568 1804 llnlleriuli
1590 1766 1597 1805 ε
1616 1747 1705 1805 Unum

64 1840 214 1907 conjectura
229 1840 348 1895 suffulta,
373 1840 477 1897 sensns
490 1843 591 1913 quippe
612 1844 738 1914 proprius
759 1843 855 1899 allato.
871 1828 974 1892 liittst
983 1838 1115 1903 mouebat,
1130 1856 1161 1893 nc
1171 1838 1240 1895 istnc
1250 1840 1362 1910 primm
1375 1839 1531 1897 Zenoniortr's
1541 1840 1705 1899 Tractatibrts

66 1948 121 1987 tum
135 1933 278 1989 sorborum
291 1942 344 1990 est.
361 1934 505 1993 Tractatus
516 1934 592 1991 Fidei
603 1952 683 1991 suum
695 1938 812 2007 pondus,
827 1946 857 1993 ot
906 1948 1108 2001 accensarentur,
1123 1934 1191 2005 prod
1206 1934 1314 2006 epistola
1327 1936 1414 2005 potiar
1423 1936 1457 1990 od
1468 1936 1614 2008 quemdam,
1630 1954 1705 2009 quent

66 2026 134 2081 tices
146 2026 317 2083 emertrlicare
329 2043 346 2083 a
358 2029 479 2099 regibus,
491 2044 507 2083 a
519 2028 667 2100 judicibus,
683 2046 699 2085 a
713 2031 855 2098 distribue,
908 2026 1027 2083 Fratrem
1038 2028 1165 2102 appellat,
1179 2030 1289 2097 tradita,
1303 2044 1380 2101 petron
1393 2040 1516 2086 tractatus
1529 2032 1563 2085 od
1573 2028 1706 2103 Populum

69 2130 93 2175 ct
105 2119 171 2189 quod
186 2122 271 2193 magis
284 2130 373 2193 urget,
384 2122 420 2179 alr
443 2123 499 2195 ipsa
514 2123 656 2193 gentilium
666 2124 853 2197 plrilosopitia,
909 2120 1159 2189 triturationem
1174 2138 1233 2176 cant
1248 2122 1315 2177 enirn
1330 2132 1452 2193 perpetro
1471 2124 1625 2194 alloquitur,
1638 2122 1706 2177 orni·

72 2228 146 2286 rtrpne
156 2215 252 2272 tabulis
266 2226 422 2287 poetarum
447 2218 521 2289 tpttod
540 2217 641 2274 lactant
668 2218 752 2275 luisse
771 2219 798 2275 in
814 2234 858 2274 rc-
907 2216 990 2285 iisque
1002 2216 1159 2287 arpnmcntir
1173 2215 1205 2271 ab
1217 2215 1345 2294 parmenii
1357 2214 1527 2271 Troctntttrnn
1545 2216 1703 2287 scriptione,

73 2310 176 2365 censitis
198 2324 247 2379 pro
262 2309 418 2365 christianis
441 2311 575 2382 apolopiis
598 2312 626 2367 in
649 2310 776 2369 contessa
803 2320 855 2367 est.
909 2324 968 2377 pum
982 2306 1059 2378 pierre
1072 2316 1125 2361 erat
1138 2307 1261 2378 periculi,
1275 2308 1410 2373 demere,
1422 2318 1447 2361 ct
1461 2317 1705 2363 orrtoccrrconntur.

69 2402 124 2471 lpse
136 2418 249 2473 namque
262 2402 290 2460 S.
302 2400 425 2458 tustinus
443 2411 564 2477 martyr,
579 2404 670 2460 aiente
686 2404 804 2459 Erlsnbio
818 2404 855 2477 (l.
908 2399 1029 2465 Accedit,
1049 2400 1118 2470 prod
1135 2396 1228 2456 Petrus
1248 2398 1332 2467 Galo,
1349 2398 1457 2455 Ordinis
1480 2399 1706 2469 Prodicotorant,

70 2510 93 2547 nr
106 2493 173 2549 llirt.
189 2512 213 2549 c.
230 2494 288 2566 ts),
303 2494 492 2552 defensionem
503 2511 555 2568 pro
564 2494 745 2563 Christianis,
763 2496 809 2551 ubi
821 2496 857 2553 de
908 2495 953 2565 ptri
965 2494 1031 2549 aicit
1043 2494 1146 2548 ineunte
1157 2492 1251 2549 cremia
1265 2508 1309 2547 atn
1321 2534 1328 2557 ,
1340 2495 1367 2547 t'rt
1384 2510 1447 2548 ntro.
1463 2492 1625 2549 collectaneis
1636 2494 1708 2566 upari

68 2584 213 2641 Christiana
227 2586 295 2643 Fide
309 2587 406 2660 agitur,
424 2587 485 2643 Non
498 2587 584 2644 solum
594 2589 703 2651 nostris,
717 2588 746 2643 iri
759 2598 798 2643 cst
810 2587 859 2643 bt·
909 2586 1105 2641 llcnscicrtirrrt
1117 2596 1177 2640 torn.
1192 2600 1221 2651 tt,
1242 2585 1342 2655 Aprilis
1355 2602 1415 2655 pap.
1432 2585 1482 2653 ld,
1497 2602 1577 2656 opera
1597 2602 1708 2641 conrate-

69 2682 137 2743 r'nir,
151 2682 195 2736 set
206 2683 283 2745 etiarn
297 2681 433 2754 pentiiirnn
455 2682 559 2753 scriptis
571 2682 774 2750 confirmatcrt't.
794 2680 859 2737 llaec
909 2694 1014 2734 mnam
1026 2678 1058 2734 S.
1080 2676 1208 2745 Zenonis,
1224 2692 1281 2749 pata
1301 2694 1329 2733 te
1340 2678 1434 2735 aridiore
1451 2680 1518 2733 nit-t
1542 2680 1569 2735 itt
1584 2694 1636 2735 ttts.
1652 2678 1709 2735 tto

70 2772 96 2825 S.
107 2772 221 2830 Zenonis
235 2775 262 2829 in
275 2774 364 2830 allatis
376 2775 468 2829 serbis
483 2776 672 2846 interpretatio
690 2775 775 2848 ipsius
793 2788 859 2831 oon-
909 2770 1022 2827 nasterii
1038 2772 1067 2827 S.
1090 2769 1209 2826 Zenonis
1223 2770 1258 2827 rie
1277 2770 1382 2827 lerona
1403 2789 1412 2824 r
1432 2786 1483 2827 non
1504 2788 1514 2824 t
1532 2770 1676 2829 Tractatus
1695 2790 1706 2826 r

70 2868 147 2921 textui
161 2877 291 2923 consonat
304 2910 312 2937 ,
323 2884 385 2925 cunt
401 2868 453 2923 boc
467 2868 494 2923 in
505 2868 602 2924 eotlettt
616 2882 734 2925 numero
747 2867 781 2924 de
793 2867 860 2923 doc·
909 2868 995 2923 rotant
1012 2885 1022 2918 r
1041 2865 1193 2937 octogiuta,
1214 2883 1224 2919 r
1242 2865 1287 2921 sed
1301 2876 1325 2921 ct
1341 2884 1352 2918 t
1368 2866 1522 2937 epistolas»
1538 2882 1566 2922 rc
1587 2865 1615 2922 in
1627 2882 1656 2923 eo
1671 2868 1708 2923 te·

71 2962 137 3016 trioa
149 2969 223 3031 agat,
239 2976 294 3017 non
315 2962 352 3018 de
366 2963 392 3016 ri
415 2977 464 3033 per
476 2961 673 3031 imperatores,
697 2961 858 3030 praelectos,
910 2962 978 3034 pirre
991 2960 1109 3033 apirnrnt.
1126 2960 1198 3017 inter
1214 2961 1300 3033 Opere
1311 2976 1370 3017 tero
1384 2960 1534 3018 SZerrcru'r
1544 2961 1710 3017 nallintclisrt

70 3055 107 3107 tc!
118 3045 218 3122 judices
228 3054 378 3111 Catholicis
391 3055 484 3110 inlata.
504 3053 582 3110 Nunc
595 3055 660 3110 scire
670 3055 762 3125 cupio,
778 3053 859 3109 Fides
909 3056 1026 3127 epistole
1037 3072 1147 3119 nonest,
1161 3070 1240 3126 quent
1254 3056 1315 3111 bric
1335 3057 1456 3111 tractatui
1468 3056 1603 3113 mecenirc
1615 3066 1708 3129 potest.

72 3162 100 3199 cc
111 3147 221 3202 doctnnn
232 3157 347 3216 coartet,
359 3165 395 3202 nn
407 3164 438 3203 cs
449 3147 618 3214 credulitate,
633 3164 666 3201 atr
685 3164 718 3203 cc
729 3149 859 3218 utroque?
910 3148 939 3205 Si
955 3165 1019 3220 orgo
1042 3150 1085 3205 ltic
1107 3149 1249 3206 Tractatus
1269 3150 1384 3223 epistola
1399 3150 1513 3207 dicenda
1529 3160 1587 3219 est,
1603 3150 1675 3224 quod
1694 3166 1710 3209 a

73 3240 115 3293 Sin
127 3250 342 3313 rnoecotrrpsc
350 3238 565 3297 Potriorcltnrrnt
584 3256 700 3296 remensa
716 3238 796 3295 Fides
806 3250 855 3307 cst,
871 3228 895 3293 C
909 3242 1057 3297 rorosirtlili
1083 3256 1135 3297 non
1152 3240 1292 3305 abhorret,
1321 3241 1382 3299 dito
1402 3242 1472 3299 trane
1491 3243 1633 3313 epistolem
1650 3240 1709 3300 aS.

72 3346 100 3383 rr
112 3349 153 3395 per
170 3332 217 3387 ltoc
231 3333 287 3388 iltis
309 3333 498 3388 constitutionis
516 3342 612 3387 noane
628 3333 782 3389 decrescendi
801 3341 860 3391 rrrnt
910 3334 1019 3391 Zenone
1033 3334 1142 3405 Oripetri
1158 3334 1241 3391 luisse
1252 3336 1344 3391 datam
1359 3346 1419 3406 post
1432 3350 1531 3392 annum
1543 3336 1644 3393 Christi
1655 3337 1712 3393 232

74 3424 136 3487 libri,
146 3426 278 3497 etpoarr'nt
287 3437 343 3481 erre
353 3426 471 3497 perfecti.
482 3424 590 3495 uqnsn
605 3426 700 3481 nrircro
712 3436 751 3482 cst
767 3424 789 3480 F
791 3426 858 3491 ider,
911 3426 1020 3496 noanon
1033 3426 1149 3497 degente
1162 3427 1332 3484 Alexandria
1344 3427 1461 3499 Origene
1482 3430 1566 3485 taulis
1581 3428 1631 3486 luit
1644 3444 1712 3486 ean·

74 3532 143 3585 paors
154 3518 226 3573 acrio
238 3518 413 3573 concinnant!
431 3516 549 3587 Opaon
569 3516 678 3584 detritio,
701 3520 777 3583 crisa
796 3532 862 3587 pao-
911 3518 1011 3589 pilatus
1031 3516 1221 3575 vexationibus
1244 3532 1356 3591 propter
1380 3536 1506 3588 errores,
1529 3521 1629 3593 quihus
1652 3523 1713 3595 ejus
1740 3588 1746 3601 ¹

75 3612 129 3666 tidie
140 3613 299 3686 dissipemur
320 3612 399 3669 trrdr
412 3612 678 3686 orpsrrtcntntionitnr
688 3609 821 3665 menstra!
836 3609 860 3664 0
912 3609 1055 3665 scatebant
1068 3610 1186 3682 scripte,
1200 3610 1334 3683 praectpne
1354 3626 1423 3684 opus
1438 3612 1506 3671 illud
1519 3614 1591 3685 nond
1605 3613 1713 3672 Petier-

76 3720 142 3771 pron
151 3706 299 3776 indelessa,
310 3722 369 3778 pac
381 3722 482 3779 repant,
494 3711 547 3760 etc.
565 3704 719 3759 lloctrinam
734 3746 741 3769 ,
756 3703 860 3769 libros,
912 3700 984 3757 cborr
1009 3700 1181 3769 ittscribitur,
1198 3717 1246 3758 seu
1267 3704 1302 3758 de
1327 3692 1470 3776 Prirtoipila
1491 3724 1499 3761 ι
1520 3720 1574 3777 spuo
1594 3706 1621 3761 in
1643 3706 1713 3763 libro

75 3800 163 3864 rerba,
185 3801 434 3871 argumentationes
461 3796 506 3855 lric
524 3797 662 3853 enuntiari
691 3795 784 3861 rides,
808 3810 862 3850 nott
914 3796 999 3851 multo
1014 3810 1028 3849 a
1042 3794 1218 3866 Pltilosopbis
1241 3794 1365 3853 Etbnicis
1389 3796 1541 3863 tnutuarit,
1566 3798 1715 3871 multisque

77 3906 158 3955 arnna,
174 3908 227 3949 nort
249 3892 367 3956 nntitez,
382 3900 413 3947 ut
421 3892 449 3947 i
465 3889 514 3948 SS.
534 3891 644 3947 Patrunt
659 3889 821 3947 testimoniis
835 3890 862 3945 in
913 3890 1030 3947 retortus
1042 3888 1182 3947 erroribus
1197 3904 1211 3945 a
1236 3889 1267 3945 S.
1285 3888 1453 3963 Hieronymo
1468 3888 1586 3948 nbtttm.
1606 3890 1633 3949 Sl
1650 3906 1715 3950 nero

75 3983 234 4043 adornatione
246 3986 371 4043 aduncus
388 3984 548 4056 inspicitur,
561 3982 590 4040 S.
605 3984 745 4039 Anrtbrosii
762 4002 769 4037 :
788 3983 864 4040 Pone
915 3991 976 4054 post
985 3982 1112 4055 origenis
1125 3995 1240 4039 mortum
1251 3982 1380 4053 scriptam
1394 3984 1477 4041 luisse
1493 3984 1637 4056 epistolant
1652 3984 1714 4057 quis

78 4094 136 4131 nnnc
149 4090 205 4135 ante
217 4088 381 4153 conspectant
394 4077 561 4134 wermnbttr
580 4077 692 4131 Arium
712 4076 807 4133 stadiir
819 4078 863 4131 in·
914 4075 1081 4146 opinaretur,
1096 4074 1177 4131 alicui
1192 4074 1317 4148 origenis
1330 4076 1461 4133 sectatori
1482 4076 1593 4133 arissam
1609 4078 1714 4147 luisse,

76 4178 162 4239 tenor,
182 4173 224 4241 pai
244 4172 401 4228 societates
418 4169 538 4239 potentia
555 4168 660 4243 ltepoiir
675 4167 817 4237 affectant,
837 4178 864 4224 at
914 4168 1060 4226 dicendum
1074 4168 1137 4225 erit.
1150 4168 1188 4224 ila
1200 4170 1274 4225 onim
1289 4170 1381 4225 omrrir
1396 4186 1457 4242 pua
1470 4180 1566 4227 contra
1578 4172 1630 4229 lros
1644 4183 1716 4230 trac·

77 4264 303 4320 nntrirnrilimribur
313 4265 464 4335 inrepserat
477 4260 602 4317 Ecclesie
612 4262 755 4328 ceritatem·
768 4260 798 4317 S.
814 4260 862 4316 lli-
915 4271 987 4320 tatus
999 4266 1121 4337 conperit
1145 4262 1175 4321 S.
1191 4266 1292 4321 Doctor
1313 4268 1339 4322 io
1364 4266 1464 4323 librum
1488 4267 1652 4326 Perinrclton
1666 4284 1716 4341 op·

80 4354 133 4411 larii
146 4375 153 4413 z
167 4358 255 4430 Nepae
274 4370 363 4431 postca
384 4366 559 4429 presumant,
581 4364 657 4426 etpac
678 4364 824 4427 arrrpent,
840 4365 866 4411 ct
916 4362 981 4415 time
995 4369 1124 4431 congesta
1143 4359 1287 4429 rideatur,
1303 4361 1375 4433 qnod
1393 4360 1445 4420 bac
1462 4364 1583 4421 secunde
1605 4365 1711 4423 rationo

80 4460 158 4519 putent
179 4468 205 4507 rc
224 4468 363 4509 remecurt
374 4466 528 4523 coqnooecre
540 4448 718 4519 clericorem,
742 4461 769 4505 et
790 4450 865 4506 inno-
915 4455 1106 4512 eontlrntatur.

79 4560 151 4602 centur
163 4548 276 4605 terminer
289 4550 369 4606 mriir
379 4548 605 4621 afflictationibus,
619 4546 708 4615 nisis,
723 4545 865 4612 violentiis,
952 4548 1056 4620 Nempe
1066 4556 1123 4606 toto
1139 4549 1166 4606 iu
1181 4549 1279 4609 eodem
1295 4558 1427 4619 tractatu,
1441 4566 1490 4608 sert
1505 4552 1628 4622 Epistola
1650 4552 1717 4611 ttlltil

79 4643 205 4697 terroritnr
217 4645 347 4717 prospere,
361 4654 439 4712 rtprc
452 4656 555 4697 emere.
875 4634 950 4700 Dde
970 4642 1107 4700 baereticis
1131 4644 1292 4700 nominatim
1318 4645 1443 4701 meminit
1461 4644 1491 4702 S.
1506 4645 1601 4713 Zeno,
1627 4660 1717 4719 neque

111 4734 208 4792 Sinera
218 4736 421 4808 penitussancti
432 4734 549 4793 Zerromr
558 4748 669 4791 sensum
678 4733 864 4806 inspiciamus,
917 4752 1031 4809 usqrram
1047 4747 1140 4794 contra
1162 4736 1272 4795 eosdem
1295 4736 1399 4795 iarelrit
1416 4756 1423 4794 :
1439 4752 1524 4810 quare
1538 4738 1645 4797 ridetur
1667 4754 1717 4809 po-

82 4842 127 4882 non
141 4840 250 4900 possunt
265 4832 351 4904 ipsius
369 4832 452 4888 acrba
464 4831 525 4886 sine
543 4828 686 4886 manilesta
709 4829 866 4885 extorsione
918 4828 971 4885 tius
983 4831 1010 4885 in
1028 4844 1081 4897 eo,
1098 4845 1177 4900 quern
1190 4830 1337 4904 alloquitur
1349 4830 1434 4887 tratre
1444 4830 1656 4903 'reprehendere
1670 4846 1719 4887 cu·

83 4923 112 4979 dc
125 4926 309 4996 imperatorum
321 4924 668 4996 Asianorumprotoctiono
679 4923 737 4979 bril
754 4921 867 4979 asseclis
917 4924 1068 4979 riositatem
1087 4923 1253 4997 nimiamque
1266 4922 1444 4980 subtilitatem
1464 4922 1492 4978 ln
1515 4920 1598 4979 rebus
1621 4920 1718 5005 l'ldel,

83 5022 189 5086 prnsttn
211 5022 334 5095 intelligi.
359 5022 412 5095 lpsi
432 5036 551 5092 nemone
574 5022 753 5091 imperatores
772 5015 866 5073 niden
918 5016 1190 5091 philosophicamque
1206 5018 1338 5075 rationem
1349 5019 1427 5089 sequi
1442 5019 1474 5073 lis
1492 5014 1520 5072 in
1533 5014 1716 5088 explicandis.

84 5115 283 5183 onpnrgnanont3
299 5130 331 5171 ao
350 5114 387 5172 de
400 5128 435 5172 eo
447 5114 474 5168 in
488 5112 604 5169 laudatis
617 5110 739 5169 testibus
752 5109 868 5166 timbro-
920 5110 978 5167 tloc
1000 5126 1033 5167 et
1047 5110 1108 5178 bis,
1123 5126 1185 5181 qum
1205 5110 1330 5182 superius
1352 5111 1442 5168 allate
1459 5118 1524 5166 srtttt
1545 5110 1577 5165 ll.
1600 5108 1719 5169 zenonis

84 5201 148 5269 sias,
169 5216 195 5261 ct
208 5208 324 5263 llitarios
341 5216 557 5280 conqueruntur.
578 5206 607 5263 S.
629 5214 719 5262 autern
743 5202 820 5261 Zeno
832 5203 868 5261 dc
920 5204 1064 5264 sententiis
1075 5206 1247 5263 martilestnm
1262 5216 1321 5275 est,
1336 5214 1419 5277 atnoe
1430 5210 1488 5261 toto
1500 5218 1535 5261 ea
1545 5203 1627 5277 buius
1637 5204 1730 5261 irae--

85 5298 222 5362 patrocinio
234 5300 270 5357 ab
293 5300 501 5369 imperatoribus
521 5298 677 5370 prestando
696 5300 771 5371 apia,
794 5297 868 5369 ntrod
922 5310 995 5360 tatus
1009 5308 1138 5359 contextu
1159 5300 1310 5359 euidentius
1331 5310 1416 5373 patet.
1440 5300 1469 5357 S.
1496 5300 1597 5357 etenim
1621 5300 1722 5357 lloctot·

87 5389 225 5458 ripsilcsnt
235 5394 281 5450 illa
295 5395 378 5452 rerba
393 5412 401 5448 ι
418 5393 571 5450 Deciderant
581 5410 626 5467 pcr
638 5402 767 5449 nronrestn
777 5402 866 5466 petro·
922 5403 996 5451 totus
1011 5397 1037 5451 in
1050 5410 1084 5453 eo
1099 5404 1156 5463 est,
1173 5402 1204 5453 ut
1222 5394 1348 5452 (ostendat
1369 5394 1464 5452 iidem
1486 5408 1539 5451 nott
1553 5393 1669 5461 -sddici,
1692 5401 1723 5449 ttt

87 5482 154 5537 nnio.
168 5484 407 5557 bisontinus,
428 5488 459 5547 S.
475 5489 597 5545 lustinus
610 5489 713 5551 aliinne
726 5488 868 5559 apologia·
919 5497 1028 5545 currerat
1038 5486 1202 5557 discipline,
1218 5486 1335 5560 ideoque
1347 5486 1481 5544 internam
1494 5486 1561 5544 dicit
1576 5484 1654 5540 initlo
1667 5485 1722 5544 illis

88 5588 140 5630 rntn
157 5581 302 5654 Scriptores
322 5586 358 5641 ab
376 5584 603 5656 imperatoribus,
619 5591 646 5638 et
664 5582 766 5639 Senatu
787 5596 869 5651 eape-
920 5580 948 5635 ln
962 5578 1075 5636 verbis:
1091 5578 1246 5635 Ciristiasrc
1266 5577 1415 5634 Fidctitotr's
1427 5578 1540 5650 feliciter
1554 5576 1669 5633 aramma
1685 5587 1724 5635 ert

88 5673 184 5737 tollant,
199 5684 228 5731 ut
243 5692 257 5731 a
282 5678 471 5748 persecutione
490 5681 648 5740 cessarent,
667 5683 696 5731 et
711 5679 869 5744 persecuto·
921 5671 999 5728 Fidei
1011 5688 1086 5729 nosse
1099 5682 1229 5740 nrtttrsnt,
1240 5686 1299 5746 pun
1309 5670 1385 5736 tatia,
1407 5684 1437 5725 ac
1456 5678 1528 5724 tants
1542 5678 1595 5737 ert,
1609 5680 1638 5725 ut
1660 5671 1723 5726 rni-

90 5762 154 5820 ribns
171 5768 318 5837 indicibus,
342 5770 522 5843 presidibus,
548 5768 680 5825 ministris
698 5764 869 5825 Glrristlanos
921 5771 1014 5841 cuipare
1027 5769 1126 5825 bomini
1152 5784 1201 5825 non
1219 5768 1251 5823 nb
1270 5768 1324 5823 nito
1343 5764 1537 5830 sonnrtnsr,
1560 5766 1606 5823 reri
1619 5782 1652 5823 cc
1664 5766 1721 5836 einr

92 5854 180 5916 liberos
193 5876 253 5921 ease
265 5865 401 5937 juberent.
921 5862 1052 5917 tolnntntc
1064 5868 1194 5916 trnrcrtttrr.
1210 5860 1303 5929 licque
1317 5858 1364 5914 illu
1374 5856 1459 5914 verbu
1468 5856 1598 5914 voluntate
1607 5858 1722 5931 psallant
