3950 6317
291 260 347 325 039
863 262 909 321 ult
922 261 1049 323 sertum
1067 261 1216 327 annuns
1234 264 1369 327 brucus
1828 278 1855 335 up

291 378 395 439 Paulus
408 378 622 441 samosatenusr
645 376 1215 450 nonrsn1unrnnon,carpo·nnn.
1233 378 1261 435 Ν
1264 395 1293 437 ot
1313 388 1400 437 asten
1412 394 1469 451 gae
1488 380 1521 437 sit
1536 388 1629 437 nostra
1639 382 1751 437 muntia
1761 382 1796 455 (iu
1805 388 1856 460 un]

291 488 378 543 cram,
391 472 515 547 aliosque
530 472 666 532 Christum
682 490 715 533 es
728 472 849 545 loseph,
862 483 891 532 et
901 471 998 541 diaria,
1014 486 1046 529 ac
1059 470 1093 529 tle
1144 486 1294 541 emturum,
1308 480 1333 529 et
1344 472 1480 529 docuimus
1498 481 1525 527 st
1552 470 1857 537 manumitteretur..

291 575 408 639 utruque
422 582 488 625 sexu
510 573 603 623 natum
617 566 847 639 blasphemantes.
871 566 958 633 Qumtr
970 578 1092 621 errorent
1145 579 1224 633 rteaue
1238 564 1451 637 inperitantem,
1464 580 1546 636 reuse
1554 565 1653 636 partem
1666 566 1802 637 aganoth
1811 576 1858 641 nur,

242 703 246 709 .
290 672 390 729 nempe
402 657 538 715 christun
552 675 648 731 purum
670 659 808 717 bomhtetu
821 673 856 715 ex
868 658 980 729 Virgine
1001 666 1092 713 natum
1145 674 1225 725 nsque
1237 674 1270 715 aa
1293 660 1347 715 ullo
1361 659 1492 735 ssijeeta,
1507 661 1554 715 sed
1574 661 1699 717 solentne
1716 670 1736 717 et
1751 666 1861 723 mnium

290 760 371 808 etate
392 750 510 809 Gallieni
533 753 560 808 in
575 752 696 810 Ecclesia
711 753 847 823 serpuisse
867 766 900 808 ac
926 750 1092 824 divulgatum
1144 762 1279 825 ternpore,
1304 764 1328 809 et
1349 765 1409 809 ante
1421 748 1516 810 recula
1530 754 1635 825 plenum
1649 753 1724 811 ilcan
1733 758 1861 820 adimat

289 843 385 913 luisse,
400 844 515 903 lalcrius
537 844 794 903 demonstrabimus.
817 845 926 902 interior
947 844 1094 901 adnotasse
1144 848 1268 919 genitum,
1287 849 1481 916 immotabilem,
1494 860 1519 906 et
1543 860 1604 905 ante
1622 866 1697 920 quan
1714 852 1862 923 sigranno

289 936 410 995 sufficiat
428 937 457 995 S.
476 937 659 995 Alexandrum
679 939 864 997 Patriarcbam
878 934 1093 994 Alexandrinum
1145 944 1307 1011 conderetur,
1322 953 1368 999 ant
1389 946 1563 1015 pretiniretar
1576 961 1627 1001 narr
1641 947 1733 1018 suine:
1748 966 1793 1003 ran
1809 952 1863 1020 inped-

288 1029 318 1088 iu
338 1028 448 1087 laudata
472 1030 589 1100 epistole
608 1031 751 1100 libionem,
767 1030 906 1089 Artenmtu
919 1044 952 1086 ac
964 1027 1092 1085 Santusa·
1145 1042 1200 1089 tarn
1212 1052 1264 1091 nun
1279 1047 1342 1091 erat.
1366 1036 1539 1109 Exagitemar
1556 1040 1637 1110 igitar
1658 1041 1723 1111 guod
1734 1039 1810 1096 Filito
1825 1047 1864 1113 pir·

293 1130 387 1180 tenum
400 1137 576 1181 enumerasse
601 1123 849 1194 annuntientur,
871 1124 1011 1195 ipsiusque
1030 1122 1094 1181 Gal·
1145 1126 1252 1197 alpium,
1268 1126 1352 1183 Deest
1369 1127 1475 1185 Patrem
1496 1146 1584 1185 casem
1605 1131 1725 1203 principia
1741 1132 1865 1199 didnunt

264 1239 267 1243 ⁴
290 1215 357 1273 lieni
370 1226 462 1285 atate,
486 1224 580 1288 utpote
602 1220 649 1289 qui
668 1218 755 1289 magis
769 1218 797 1274 iu
818 1232 913 1276 errore
936 1216 1093 1275 coniuratas
1145 1236 1193 1289 pse
1206 1221 1316 1275 tantiae
1330 1222 1615 1296 decrementorum
1630 1226 1741 1286 dietmar.
1752 1231 1866 1283 anani

291 1309 401 1369 Ariane
413 1310 512 1369 heresi
526 1321 650 1369 stratore
662 1316 744 1370 riam.
1146 1313 1306 1379 beonnam,
1320 1327 1559 1389 nosperrepusrrtnr
1573 1318 1722 1375 aduersarii.
1736 1318 1867 1377 instratis

911 1396 917 1407 '
1144 1404 1202 1459 idea
1216 1406 1385 1475 asseruimus,
1398 1408 1469 1478 guad
1485 1424 1537 1463 aott
1551 1409 1586 1465 sit
1601 1424 1663 1475 pars
1677 1408 1722 1465 llei
1734 1408 1811 1471 Patris,
1826 1427 1868 1479 rapu

1145 1512 1177 1551 ea
1205 1496 1258 1551 ullo
1279 1497 1394 1567 subjecta
1417 1500 1519 1555 ιιιίιιιι.
1545 1500 1604 1557 llas
1619 1501 1652 1557 de
1675 1518 1701 1557 re
1716 1518 1756 1557 tras
1774 1502 1869 1557 ιἰιιιιιιιι

329 1584 360 1643 S.
385 1584 543 1645 Alexandro
563 1587 598 1643 ad
621 1586 834 1645 Alexandrinam
859 1583 1022 1642 cathedram
1046 1600 1092 1641 as·
1145 1584 1450 1659 (betatapodlheod,
1468 1589 1633 1657 timescat,
1655 1608 1711 1661 cap.
1724 1590 1870 1662 illdenpre

297 1687 416 1750 sumpta,
440 1679 532 1749 Arius,
565 1680 612 1752 qui
626 1695 657 1737 se
677 1680 860 1753 posthabitum
876 1678 968 1750 iniquo
991 1678 1094 1735 terebat
1144 1680 1201 1737 sius
1216 1720 1222 1747 ,
1235 1688 1263 1735 at
1286 1682 1381 1753 nrajuri
1400 1696 1462 1739 cunt
1475 1682 1538 1738 dolo
1561 1686 1694 1752 expressit
1715 1684 1808 1753 ipsene
1826 1686 1871 1740 ins

291 1772 393 1843 animo,
408 1771 509 1829 invidia
531 1773 673 1832 tabescens
694 1773 896 1846 Alexandrinae
919 1774 947 1831 in
973 1773 1091 1839 illibatos
1105 1776 1129 1839 Β
1145 1774 1203 1829 lrins
1215 1772 1430 1831 ilicontediensis
1448 1776 1503 1829 Arii
1517 1774 1682 1846 Anienaque
1702 1776 1796 1831 heresis
1807 1777 1869 1831 rudi

290 1879 384 1923 moras
403 1865 501 1921 nrutire
515 1879 577 1921 cum
597 1881 651 1922 noo
666 1875 769 1937 posset,
790 1867 818 1923 in
833 1866 918 1937 ipsius
939 1865 1092 1923 doctrinam
1145 1866 1230 1921 simus
1245 1876 1445 1937 propugnator:
1468 1864 1559 1938 Nepae
1569 1868 1636 1923 eninr
1661 1868 1692 1922 de
1709 1867 1871 1939 damurlnaii

290 1956 400 2013 deumm
412 1972 511 2014 acuere
525 1972 609 2014 ausus
618 1965 671 2015 est.
688 1957 759 2015 Naro
768 1975 828 2015 eam
838 1958 870 2016 S.
883 1958 1032 2015 Alexander
1046 1955 1092 2013 Fi·
1146 1976 1192 2015 nos
1206 1960 1364 2027 audiuimus,
1384 1976 1466 2031 neque
1479 1976 1561 2015 anam
1575 1962 1604 2015 ist
1619 1961 1671 2017 dua
1683 1961 1787 2027 dinan,
1800 1964 1872 2031 tapsi

291 2052 356 2109 liam
377 2052 544 2123 commeretur
557 2053 655 2108 honore
677 2051 755 2107 Patri
775 2053 910 2124 aqualem,
928 2068 960 2107 aa
981 2051 1095 2123 eiusdem
1146 2052 1192 2109 lad
1205 2055 1447 2124 ullamcorpaream
1470 2052 1634 2122 otfredesem
1657 2054 1757 2110 subiise
1773 2054 1872 2117 dididrat,

292 2146 428 2215 essentie,
444 2161 479 2201 ea
492 2146 599 2202 aduersa
614 2146 693 2201 Arius
706 2145 809 2201 utnon
820 2146 915 2218 nuperi
933 2144 1009 2218 caepit
1022 2161 1094 2201 erea-
1144 2146 1315 2211 credimusne,
1333 2145 1442 2201 lloodrte
1456 2147 1490 2202 mi
1507 2144 1629 2215 Pectine,
1643 2148 1687 2203 sed
1699 2148 1871 2218 stannatum,

293 2245 390 2304 taram,
405 2246 429 2292 et
438 2237 580 2307 facturam,
595 2246 619 2292 et
632 2238 712 2309 fairra
730 2237 835 2309 quando
856 2246 1096 2303 mactandarum
1147 2254 1267 2293 attamen
1278 2254 1307 2293 eo
1318 2254 1384 2303 uere,
1400 2238 1445 2293 sed
1467 2256 1519 2293 narr
1541 2256 1574 2295 ea
1587 2240 1784 2312 substantiaejts
1795 2239 1872 2310 patin,

293 2330 378 2401 magis
390 2339 449 2385 sunt
461 2330 551 2400 impia.
566 2329 655 2401 Digna
664 2334 779 2403 protecto
799 2346 858 2402 gua
879 2331 1001 2386 obliuioni
1019 2346 1093 2387 otart·
1146 2340 1247 2387 natura
1254 2332 1362 2403 ingeniti
1372 2332 1485 2397 ontttino,
1496 2342 1521 2387 et
1531 2336 1589 2407 ejm
1599 2332 1714 2389 esssstia
1725 2348 1801 2403 erpere
1809 2328 1874 2401 (hh.

294 2423 389 2477 dentur
402 2436 434 2477 ae
457 2431 553 2477 aterna
566 2422 681 2480 silentio.
694 2421 732 2479 lta
745 2422 893 2495 Gregorius
902 2422 1094 2481 Cesareensis.
1146 2424 1181 2479 ad
1196 2422 1326 2496 Paralia).
1342 2423 1429 2480 Unutn
1441 2426 1589 2497 ingenitum
1600 2442 1661 2483 eum
1679 2423 1876 2483 Eeelesialhthdia

294 2513 423 2582 Quantula
436 2515 508 2571 enim
531 2525 560 2571 et
573 2514 683 2571 virente
705 2516 904 2589 gloriosissimo
927 2517 1045 2591 llartyre
1065 2520 1095 2579 S.
1147 2516 1258 2585 latetur,
1274 2528 1303 2573 ut
1315 2518 1437 2575 rideatur
1450 2517 1588 2575 ilenundri
1603 2534 1723 2577 errorem
1735 2518 1842 2583 dannn,
1854 2516 1876 2583 pi

294 2605 377 2663 Petro
398 2605 581 2666 Alexandrino
605 2608 844 2667 Patriarsbatirus
867 2613 995 2683 caepisset
1018 2628 1096 2671 suurn
1149 2608 1292 2665 Dominum
1306 2607 1378 2665 l..C.
1401 2608 1509 2666 dicebat
1531 2611 1690 2681 ingenitum.
1708 2606 1877 2681 tngeuinntn·

295 2698 377 2755 Arius
396 2714 534 2768 evomere,
556 2716 643 2774 eaque
660 2703 694 2759 de
707 2718 789 2759 eausa
804 2702 884 2761 luerit
903 2705 939 2760 ab
950 2722 985 2763 eo
998 2706 1097 2778 degra-
1149 2700 1195 2758 bat
1220 2712 1248 2759 et
1263 2701 1350 2757 Ebion
1364 2743 1373 2770 ,
1387 2712 1418 2758 ut
1431 2703 1513 2759 relert
1526 2702 1723 2761 Tlteodoretus.
1735 2702 1762 2758 ls
1774 2718 1831 2757 sota
1842 2701 1877 2753 ιἰι

294 2790 393 2849 datus:
407 2794 530 2874 Attamen
543 2807 604 2851 tana
615 2797 657 2871 (ut
670 2798 817 2855 Christiani
834 2798 904 2871 Lupi
920 2802 1012 2859 uerbis
1027 2803 1097 2874 utar)
1149 2796 1192 2850 lai
1210 2795 1362 2865 ingenitum,
1388 2795 1454 2851 sicut
1478 2806 1502 2851 et
1526 2813 1585 2863 nos,
1609 2806 1635 2853 et
1655 2813 1712 2852 error
1723 2796 1839 2851 notata
1851 2808 1877 2845 tat

294 2895 384 2956 utpote
394 2887 523 2945 duntaxat
537 2888 668 2946 Discursus
681 2892 825 2963 praedicare
844 2904 869 2947 et
895 2895 997 2965 palliae
1015 2912 1098 2969 papu-
1149 2886 1240 2943 maadi
1262 2888 1447 2960 epidamno
1462 2904 1493 2945 ea
1508 2888 1625 2955 vafritie,
1639 2904 1718 2959 (lilim
1728 2890 1752 2943 ³¹¹
1764 2886 1878 2943 sim

296 2978 352 3035 laur
365 2978 469 3047 ,docere
483 2983 592 3040 necdum
607 2995 719 3053 poterat.
737 2986 882 3042 Alexandri
897 3003 963 3045 tero
976 2998 1099 3060 tempore
1150 2983 1253 3043 nonsit
1267 2980 1295 3037 S·
1313 2982 1456 3054 Dionysius
1472 2984 1680 3039 Alexandrinus.
1696 2981 1836 3051 desutrn
1846 2978 1879 3029 liat

295 3071 351 3142 jant
366 3071 501 3131 Sacerdos
523 3090 556 3133 uc
568 3075 651 3135 Verbi
675 3078 839 3149 predicandi
862 3080 913 3151 ipsi
936 3081 1098 3139 demandata
1150 3074 1432 3148 ingenitaotPatreot,
1446 3076 1508 3133 dicit
1528 3085 1556 3131 ut
1577 3077 1669 3132 doceat
1683 3075 1879 3131 Christantnnlo

297 3181 373 3235 eura,
401 3179 496 3239 aperte
522 3170 744 3227 incensionibus
768 3172 924 3243 apostoliea
946 3173 1096 3231 Alexandri
1110 3166 1133 3233 G
1148 3186 1221 3236 esse,
1235 3180 1259 3225 et
1272 3180 1427 3227 ereaturam.
1456 3170 1606 3228 ludit-isam
1628 3181 1657 3227 ιι
1679 3164 1879 3242 incorporrunlin

297 3257 431 3335 doctrinae
456 3260 611 3331 detrahere,
637 3263 799 3335 Ebionitpue,
825 3269 954 3334 Artena,
977 3278 1005 3325 et
1020 3268 1098 3325 Pauli
1151 3263 1252 3331 licum,
1268 3264 1402 3319 utinnuat
1416 3254 1879 3321 Catholicaeconsubstantinnuntt·

296 3367 405 3410 errores
420 3363 557 3412 recoctam
572 3357 654 3414 veluti
680 3358 818 3416 crambem
844 3374 983 3430 opponere
1006 3363 1098 3433 coepir.
1150 3356 1179 3413 lii
1194 3372 1256 3413 curu
1280 3356 1362 3413 Patre
1385 3358 1566 3425 sustinentes,
1589 3356 1746 3415 disnimen
1768 3358 1789 3411 iu
1811 3349 1880 3407 beanl

297 3446 354 3517 Qut
370 3448 405 3505 de
424 3464 455 3506 re
467 3452 502 3508 ab
515 3450 612 3509 eodem
625 3452 655 3509 S.
670 3453 828 3511 Alexandro
839 3454 995 3521 damnatus,
1017 3467 1099 3528 atque
1151 3452 1270 3509 mittere.
1299 3451 1339 3517 ld,
1366 3461 1392 3506 at
1421 3450 1553 3507 Praxeani
1579 3450 1726 3509 catholicis
1751 3446 1881 3506 sucntnht'

294 1448 369 1523 pix.
388 1448 466 1507 Arist
479 1450 548 1505 eirca
573 1466 634 1506 roos
655 1466 754 1507 errores
767 1450 917 1505 inconstans
942 1459 968 1505 et
991 1449 1089 1503 uarius.

195 3614 198 3622 1
297 3538 332 3595 alt
347 3538 468 3598 Ecclesia
488 3543 602 3615 ejectus,
624 3544 736 3603 bibionis
758 3557 787 3604 et
811 3548 934 3605 Artsmae
960 3548 1099 3619 lineares,
1152 3545 1220 3601 laiso
1244 3542 1382 3615 religionis
1404 3547 1474 3613 aeto,
1500 3553 1532 3601 ut
1550 3558 1584 3601 ex
1613 3544 1782 3601 Tertulliano.
1802 3532 1880 3605 paona

299 3645 366 3703 quas
392 3634 563 3707 divulgarat,
579 3652 595 3693 a
609 3654 716 3697 summu
730 3641 859 3712 pontifice
872 3641 983 3699 Victore
1006 3642 1099 3699 lloum
1151 3649 1237 3695 autem
1255 3655 1376 3695 rrnmerrts
1394 3640 1450 3693 sine
1461 3638 1585 3695 diuisione
1599 3648 1718 3709 ριιιιιιιι,
1730 3634 1882 3705 parthenon·

299 3724 451 3793 damnatas,
467 3728 597 3801 Paulique
610 3730 790 3801 Sarnosateni,
810 3734 856 3805 qtri
877 3750 925 3792 eas
945 3736 1101 3792 instaurare
1152 3742 1277 3787 tractatas
1290 3730 1513 3787 demonstrabant.
1533 3730 1824 3786 consubstantialitatem
1835 3724 1882 3789 itant

299 3832 382 3875 ansus
394 3829 446 3888 est,
462 3828 535 3876 tanta
546 3822 735 3893 episcoporum
758 3826 909 3897 frequentia
936 3829 962 3883 in
985 3829 1102 3885 concilio
1153 3833 1234 3897 negat
1253 3824 1396 3880 Eusebius.
1412 3823 1500 3879 Unam
1512 3824 1674 3895 ingenitum,
1688 3839 1763 3879 anan
1778 3837 1804 3875 er
1818 3834 1838 3873 n
1848 3830 1882 3869 tts‘¹

299 3911 470 3969 Antiocheno
493 3912 661 3985 profligatas,
685 3916 785 3974 docere
807 3933 840 3973 aa
868 3918 1014 3977 deleudere
1039 3936 1100 3979 cum
1153 3916 1302 3973 sednanea
1315 3917 1520 3989 substantiaque
1532 3917 1658 3987 gerinum,
1672 3908 1885 3985 rratasaiognitin·

300 4019 353 4061 non
376 4005 499 4075 auderet,
526 4006 635 4063 cautius
657 4024 753 4080 agens,
774 4010 884 4067 easdem
907 4012 1102 4071 circumvelata
1153 4011 1225 4075 rrirro,
1240 4021 1264 4065 et
1277 4013 1459 4085 ejttsesrentiar
1472 4026 1574 4083 expers.
1594 4010 1669 4067 Alius
1688 4025 1752 4081 uuus
1764 4007 1886 4071 tirasona

299 4101 406 4172 alioque
418 4112 528 4171 aspectu
542 4104 707 4162 concinnare
721 4107 836 4161 curarit.
854 4105 921 4164 lllud
935 4107 964 4164 in
983 4109 1078 4178 primis
1094 4128 1101 4166 ς
1154 4101 1252 4159 ιιιιιὶι
1262 4118 1370 4159 errores
1385 4118 1418 4159 ex
1434 4113 1530 4175 negata
1546 4101 1813 4159 consubstantialitate
1823 4107 1886 4151 tiara

300 4191 438 4251 Christum
450 4210 548 4267 nempe
561 4206 624 4253 aute
639 4196 750 4256 hirriant
771 4214 825 4257 uon
838 4197 923 4257 luisse
940 4217 948 4266 ς
963 4199 1103 4273 fuisseque
1156 4206 1197 4261 tes
1215 4196 1325 4253 silentio
1351 4196 1488 4268 prseterit;
1512 4210 1610 4267 nempe
1637 4196 1732 4253 Filium
1754 4208 1799 4249 nott
1815 4186 1886 4246 eratne

272 4334 278 4340 .
301 4291 408 4356 tempus
430 4286 539 4357 quando
563 4304 616 4347 non
639 4290 720 4347 luerit
740 4289 846 4361 Filius3
861 4294 1102 4365 mutabilentoueo
1154 4298 1299 4361 numquam
1321 4290 1488 4362 gigneretur,
1509 4298 1554 4345 aut
1576 4287 1754 4345 cottderetur:
1777 4274 1887 4341 eternilt

296 4378 359 4453 ,Deo
373 4388 493 4437 creatum
509 4399 518 4437 ι
542 4381 604 4449 lras,
625 4384 747 4455 inquam,
763 4401 830 4457 quas
854 4387 943 4457 primo
967 4395 1106 4459 sparserat
1155 4386 1239 4443 luisse
1249 4385 1425 4458 productum,
1439 4392 1469 4440 ut
1482 4383 1616 4454 dogmatis
1627 4384 1711 4451 tirus,
1726 4386 1833 4453 quantun
1843 4370 1887 4425 salt

301 4468 507 4539 blasphemias,
533 4476 569 4559 ita
593 4478 765 4547 temperarit,
794 4488 824 4533 ut
848 4477 980 4536 fateretur
1006 4478 1103 4535 Filium
1158 4477 1317 4535 abscondat.
1352 4476 1427 4533 lione
1461 4476 1521 4531 Arii
1553 4470 1672 4547 eiusque
1695 4483 1835 4531 sectatorom
1851 4464 1888 4557 citi

301 4573 365 4619 ante
379 4574 511 4636 tempora,
526 4578 553 4624 et
567 4580 631 4627 ante
640 4571 739 4627 secula
754 4571 865 4642 plenum
878 4572 965 4628 ileum
979 4573 1103 4629 extitisse
1116 4552 1143 4616 D
1157 4584 1221 4626 suos
1235 4582 1342 4625 errores
1362 4569 1520 4624 uarietatem
1540 4568 1648 4623 notarit
1669 4564 1825 4638 Augustinus.
1843 4552 1887 4652 Atii

301 4654 488 4729 Unigenitum,
502 4662 865 4737 imrnutabilenr;suumque
878 4665 988 4738 impiam
1002 4667 1104 4723 ductri—
1158 4680 1202 4721 uos
1220 4666 1278 4737 jam
1298 4663 1458 4729 emendasse,
1473 4678 1507 4715 an
1522 4664 1592 4733 sarta
1606 4660 1703 4732 [alsam
1721 4668 1754 4715 est
1776 4671 1810 4711 eos
1826 4646 1888 4741 lttss‘

301 4766 364 4807 narn
380 4751 465 4808 ueluti
479 4755 642 4813 catlrolicuut
657 4758 756 4829 dogma
769 4758 924 4825 venditans,
949 4774 980 4815 se
998 4757 1103 4816 docere
1157 4759 1261 4829 quando
1273 4758 1368 4813 dixisse
1390 4758 1459 4827 quad
1472 4756 1549 4827 suerit
1559 4753 1701 4825 aliquando
1714 4738 1889 4807 Patersirtlins'

300 4843 439 4913 protessus
451 4853 504 4913 est,
516 4846 613 4903 Filium
627 4863 683 4905 non
698 4864 760 4906 esse
770 4852 931 4923 ingenitum,
945 4863 976 4908 ut
983 4852 1102 4921 Patrem,
1158 4862 1290 4924 tamqnam
1301 4852 1377 4921 suerit
1391 4850 1438 4907 lae
1452 4859 1548 4905 aeterna
1559 4850 1616 4903 sine
1627 4849 1738 4904 candore
1755 4860 1816 4916 paror
1834 4832 1886 4909 posi,

302 4952 389 5009 neque
404 4947 508 5011 partem
523 4940 648 5011 ingeniti,
662 4941 690 4999 iu
702 4958 736 5000 eu
750 4943 905 5001 Catholicae
919 4960 1045 5018 carpene,
1057 4955 1102 5001 ut·
1158 4944 1192 5001 tn
1204 4945 1230 5000 in
1251 4943 1329 5000 libris
1341 4942 1375 4999 de
1388 4942 1521 4997 Trinitate
1537 4959 1544 4997 ι
1565 4940 1596 4997 Si
1610 4940 1698 4996 l'itias
1713 4946 1755 5000 est.
1771 4944 1829 4990 tratas
1843 4934 1887 4987 nli

303 5030 538 5101 putaminarum
553 5032 626 5090 Patri
639 5036 771 5105 naualem
785 5047 952 5105 asserentes,
968 5038 1104 5110 ejusdem·
1156 5046 1233 5093 natm
1246 5046 1293 5101 est,
1309 5046 1364 5091 erat
1376 5046 1475 5107 tenpus
1493 5034 1597 5102 quando
1607 5050 1660 5089 aon
1684 5042 1736 5088 erat
1750 5028 1828 5083 Filias.
1839 5018 1888 5073 Pan

303 5137 356 5189 one
369 5124 539 5195 substantiae,
555 5127 653 5184 Filium
668 5130 817 5202 ingenitum
832 5131 963 5203 lacerent,
985 5142 1103 5205 partem-
1155 5129 1237 5183 riores
1257 5128 1350 5183 Arimi
1370 5126 1515 5198 objecerant
1539 5126 1615 5179 istam
1646 5124 1796 5179 sententian.
1815 5114 1844 5169 tt
1859 5110 1888 5173 itit

302 5232 431 5289 qneesse
452 5218 610 5279 substantie
638 5223 726 5280 Patris
748 5224 890 5283 docerent.
912 5227 994 5285 Suam
1016 5239 1104 5285 tamen
1155 5228 1278 5278 ierothei
1302 5220 1368 5275 Ario
1388 5218 1456 5275 hunc
1470 5218 1648 5274 variationem
1661 5221 1770 5288 cmplsn
1785 5208 1887 5265 l⁰l⁵¹³¹f¹

303 5310 470 5383 impietatem
485 5316 617 5383 retinens,
633 5318 733 5375 ibidem
744 5319 870 5387 ducebat,
885 5320 983 5376 Filium
1000 5338 1033 5379 ex
1049 5322 1103 5377 ullo
1157 5314 1190 5371 iis
1204 5329 1265 5385 quae
1279 5328 1360 5384 supro
1374 5314 1425 5368 hoc
1440 5311 1467 5367 in
1482 5310 1578 5367 eodem
1592 5308 1794 5383 paragraphum
1813 5286 1886 5353 lieth

302 5405 446 5477 subjecto,
462 5408 534 5479 quud
549 5408 622 5466 idem
643 5421 696 5478 est,
710 5426 742 5468 ac
755 5427 787 5469 cx
806 5412 905 5483 nihilo,
919 5414 967 5469 sed
980 5414 1104 5471 volunta·
1156 5416 1216 5465 retu
1228 5406 1379 5464 retulimus.

304 5506 331 5553 te
349 5509 378 5555 ιι
400 5501 516 5559 consilio
532 5500 620 5560 Patris
633 5513 764 5570 creatum
780 5517 926 5577 antequam
933 5506 1102 5577 gigneretur,

304 5604 358 5647 uon
369 5591 452 5650 luisse
464 5609 515 5667 pra
528 5596 717 5668 generationis
726 5600 809 5655 uerbo
822 5604 987 5656 creationem
1006 5600 1106 5656 intelli·
1157 5546 1172 5621 Β

304 5696 382 5753 gens.
407 5684 472 5742 llaec
491 5688 584 5744 omnia
604 5704 639 5745 ex
662 5690 748 5763 ipsius
766 5692 827 5750 Arii
840 5692 961 5765 Epistola
973 5695 1008 5750 ad
1024 5695 1108 5753 liuse-
1833 5754 1837 5763 ι

297 5770 381 5838 ,bium
408 5782 566 5849 episcobum
592 5782 828 5845 Nicomediensem
854 5785 956 5845 clarius
976 5787 1109 5858 iotellise·
1198 5776 1313 5849 Pr⁰lllil
1327 5774 1387 5833 Alfi
1402 5766 1773 5846 el'llsllllliilillalurumrerba
1783 5754 1882 5818 sustuli·

1185 5544 1221 5604 X.
1237 5576 1272 5591 —
1296 5545 1418 5620 Propriae
1443 5544 1499 5601 Arii
1517 5544 1720 5615 Asianoruorpne
1743 5536 1845 5595 rotarat
1857 5520 1886 5591 ln·

1302 5641 1380 5696 multe
1394 5642 1448 5695 sais
1460 5640 1487 5694 in
1499 5638 1660 5712 explicandis
1670 5634 1793 5693 erroribus.
