3950 6317
143 343 179 400 ιι
770 340 1054 401 olbrmttttttootttr
1073 342 1268 404 enmotmo.
1778 351 1815 408 lb

184 458 338 517 'tractatus
354 478 407 519 ιιι
423 478 430 515 ι
446 460 479 516 tn
495 461 632 535 [errieirnre
653 460 809 518 Sanctorum
830 456 915 515 Firmi
936 467 960 515 et
972 457 999 520 Α
1011 458 1087 530 qemi
1097 458 1215 531 scriptos
1227 472 1357 534 apparet,
1370 478 1449 533 ιιιιιι,
1463 463 1559 523 eodem
1574 480 1640 524 roce
1654 466 1753 543 alicubi
1769 482 1813 525 re-

225 551 335 609 llrrrtr'ei
350 554 473 626 frutribus
486 554 630 609 renitendo.
1008 562 1159 622 currente,
1179 554 1336 627 trequentes
1360 559 1446 615 saltus
1467 568 1623 618 occurrant
1647 561 1705 619 lloc
1728 576 1814 633 porro

147 644 193 703 lix
207 646 253 705 bis
268 648 389 703 rubricis
402 648 573 719 perspicuum
591 660 657 704 sane
671 645 716 713 lit,
737 644 899 701 llemeusem
912 660 959 702 co-
1009 647 1113 707 oodicis
1135 648 1241 706 initium
1258 659 1301 706 est
1315 668 1321 705 :
1337 650 1460 722 Cornuto
1478 653 1537 709 tiiri
1559 655 1636 725 prinei
1648 653 1814 713 sommus

148 738 243 797 dinem
254 739 289 796 nd
301 754 380 796 asum
393 740 530 810 publicum
542 739 626 796 luisse
639 738 753 810 alicujus
768 738 897 795 eoeleste
908 778 916 807 ,
929 746 959 793 ιιι
1010 740 1123 799 Zenonis
1133 743 1212 816 tepor
1226 742 1303 798 olnrn
1316 744 1426 799 einitntir
1445 743 1553 803 Veronn
1566 746 1691 818 Episcopi
1704 755 1729 801 et
1743 745 1812 815 llor-

148 833 232 889 stntis
242 832 404 905 quibusdum
416 832 513 889 dicbus
526 848 603 890 sacru
614 834 695 891 lectio
707 832 732 886 in
745 832 828 887 sacris
841 830 958 887 coetibus
1010 834 1075 890 teris
1087 836 1186 890 eximii.
1200 834 1258 892 Vox
1281 836 1359 907 nujus
1376 838 1466 909 ipsum
1486 840 1608 896 reodicem
1626 850 1673 897 aut
1682 839 1813 912 scriptum

149 926 279 983 babendo
293 927 397 984 exinde
409 936 556 999 peteretur.
571 926 719 983 Ecclesium
730 936 840 994 autem,
854 926 896 983 cui
912 926 958 981 illc
1010 925 1145 995 Veronae,
1160 937 1235 984 nura
1250 929 1401 986 Veronensi
1415 931 1508 1000 aliquo
1520 933 1632 1004 oririque
1652 933 1813 993 eodicede·

150 1023 215 1079 usui
231 1022 298 1085 init,
313 1036 368 1077 uon
384 1022 537 1079 aliamesse
551 1037 631 1092 qnam
642 1020 845 1087 veronensem,
859 1026 959 1090 preetcr
1009 1022 1127 1077 riratom
1150 1022 1251 1091 orootr.
1266 1022 1349 1081 Deest
1371 1024 1450 1095 primi
1470 1032 1602 1083 uerutus
1623 1024 1655 1081 de
1674 1024 1810 1083 Pudicitia

147 1116 357 1189 conjecturam,
373 1130 435 1187 quse
448 1130 481 1173 er
490 1116 549 1187 ipso
558 1115 667 1172 zenone
681 1114 802 1186 ejusdcm
813 1115 890 1171 urbis
901 1112 958 1185 cpi·
1009 1116 1097 1189 prime
1112 1117 1220 1188 pagina,
1232 1126 1285 1173 eta
1296 1118 1385 1175 verbis
1398 1118 1499 1175 tulrieo
1511 1120 1624 1175 uritirure
1644 1118 1751 1177 initium
1766 1120 1808 1179 dt.

149 1226 239 1275 scopo
252 1210 316 1267 duci
332 1218 441 1279 potest,
456 1210 516 1266 dure
538 1212 691 1280 presertim
707 1210 822 1265 rubricm
843 1208 956 1265 demen-
1011 1209 1041 1266 lo
1056 1220 1199 1267 tracturum
1214 1211 1248 1266 de
1263 1209 1396 1267 Patientia
1410 1227 1466 1268 uno
1477 1221 1609 1267 contextu
1623 1211 1756 1269 insertum
1768 1227 1814 1269 ess

148 1310 260 1369 strant,
276 1304 363 1360 altera
379 1304 405 1359 in
427 1311 571 1359 tracturum
585 1319 668 1371 ιιιιι,
685 1304 731 1359 lib.
748 1320 778 1366 ιι,
794 1302 839 1359 ubi
855 1318 959 1360 nremo·
1010 1303 1122 1373 lonqum
1135 1313 1253 1375 quatuor
1271 1304 1428 1375 paginarum
1443 1304 1625 1376 trapmentum
1640 1319 1673 1360 es
1694 1312 1813 1361 trscraru

149 1406 231 1453 ratur
253 1396 369 1453 eeclesia
396 1396 428 1455 8.
443 1395 571 1469 soporo
590 1397 625 1451 ud
649 1396 794 1469 Martyres,
821 1396 905 1453 nitere
932 1397 958 1453 in
1009 1397 1037 1451 in
1052 1396 1154 1453 erato.
1167 1411 1289 1462 cxxvrn.
1303 1396 1377 1469 qood
1394 1396 1512 1454 subinde
1525 1397 1554 1453 iu
1569 1396 1622 1453 lroc
1636 1396 1814 1455 tractatusub

149 1498 301 1548 rmcmrnm
324 1506 395 1556 cxx.
416 1492 460 1549 ubi
481 1492 629 1564 {erdrirmir
650 1492 703 1550 SS.
719 1490 804 1548 Firmi
818 1500 842 1547 et
858 1491 959 1548 Rrrrtici
1011 1488 1094 1547 linctu
1107 1489 1210 1547 codicis
1223 1491 1362 1562 descripto
1375 1491 1520 1549 omittitur.
1535 1491 1663 1549 ldautem
1679 1506 1713 1549 ex
1725 1504 1761 1549 eo
1772 1492 1814 1547 ri·

150 1584 182 1641 ot
198 1585 318 1651 ιιιιιιιιος
342 1600 403 1656 qure
413 1584 468 1641 duo
478 1584 560 1657 simul
569 1586 662 1656 iuncta
676 1584 823 1641 veroniensi
835 1583 959 1642 ecclcsiae
1010 1580 1090 1637 detur
1105 1583 1274 1653 proiectum,
1284 1583 1358 1655 quod
1372 1583 1416 1641 iric
1427 1584 1514 1641 codex
1527 1600 1561 1641 ex
1575 1585 1669 1656 aliquo
1687 1585 1814 1655 exemplo

150 1677 234 1733 unice
255 1676 439 1742 conveniunt,
464 1674 491 1731 in
513 1690 567 1746 qua
589 1676 705 1733 celebris
729 1688 757 1733 ιι
781 1678 892 1748 antiqua
915 1684 960 1733 est
1011 1676 1094 1733 luerit
1114 1688 1260 1749 sumptos,
1283 1679 1310 1735 in
1332 1692 1388 1751 quo
1409 1680 1608 1750 qrrateruiolum
1631 1687 1763 1735 tractatus
1783 1679 1811 1733 r'n

149 1770 273 1829 ecclesia
286 1770 317 1827 8.
334 1771 461 1844 soporos
470 1773 505 1825 ort
519 1770 666 1845 Martyres,
679 1780 708 1827 ct
720 1782 877 1827 sanctorum
890 1784 960 1825 mar·
1011 1768 1114 1827 Proin.
1131 1787 1251 1837 cumn,
1264 1778 1342 1829 ostra
1361 1787 1441 1829 suum
1453 1773 1541 1828 locum
1553 1772 1769 1841 transpositum,
1782 1781 1811 1827 et

152 1875 245 1938 tyrum
263 1864 384 1920 Firmior
400 1863 520 1930 liuttici,
534 1880 649 1937 quorum
664 1880 779 1939 corpora
795 1866 837 1921 lric
851 1864 959 1937 requie·
973 1852 998 1916 B
1012 1866 1139 1921 trsctotui
1151 1866 1183 1919 de
1197 1863 1329 1921 Patientia
1340 1880 1436 1921 errore
1449 1866 1542 1936 aliquo
1556 1864 1638 1921 luerit
1649 1864 1790 1936 tolonum
1805 1905 1814 1930 ‚

151 1970 252 2027 scunt,
268 1960 352 2017 lustru
365 1960 423 2015 dies
436 1961 552 2017 solemni
563 1962 615 2016 ritu
631 1962 744 2029 colitur,
769 1968 798 2017 ut
820 1961 846 2016 in
863 1960 959 2015 obser·
1010 1970 1041 2015 ιιι
1053 1976 1088 2016 ne
1106 1960 1133 2016 irl
1148 1961 1329 2018 Treientlnatis
1341 1960 1518 2033 manuscripti
1530 1960 1705 2017 amanuensis
1715 1958 1813 2017 adrer-

156 2054 312 2111 entionibus
329 2054 363 2111 ad
385 2053 497 2109 easdem
512 2054 676 2125 marginales
698 2052 820 2109 rubricas
834 2068 884 2109 suo
896 2052 958 2109 loco
1010 2053 1082 2109 terit.
1099 2052 1231 2125 Equidem
1244 2053 1271 2111 id
1285 2054 1374 2125 ipsum
1385 2055 1465 2124 plane
1479 2057 1506 2110 io
1526 2070 1578 2111 ors.
1596 2054 1728 2113 Vaticano
1738 2051 1812 2109 aeci·

157 2146 424 2205 lrrsiusdoerbimus.
443 2146 523 2203 Putet
543 2148 624 2219 iqitur
642 2147 763 2203 codicem
784 2146 855 2205 bunc
868 2144 956 2203 Vero·
1009 2145 1083 2203 disse
1096 2146 1247 2204 ridebimus
1262 2148 1344 2219 paulo
1358 2157 1430 2219 post.
1444 2147 1526 2205 Liber
1539 2146 1674 2205 secundos
1696 2160 1814 2203 uooeo·
1859 2134 1865 2143 ’

158 2242 251 2297 nensis
269 2240 400 2298 Ecclesia
418 2242 520 2313 Jamdlu
535 2242 695 2311 inservisse,
714 2252 857 2313 antequem
873 2240 956 2299 ilinc·
1009 2238 1127 2311 demque
1136 2240 1315 2309 ciramcterc,
1330 2257 1384 2313 quo
1408 2249 1481 2299 totus
1501 2241 1589 2298 codex
1610 2240 1728 2311 scriptus
1747 2248 1813 2305 est,

159 2350 249 2391 marus
262 2350 295 2391 eo
314 2336 457 2405 potiretur.
480 2335 548 2392 lliuc
568 2346 656 2391 nutem
671 2337 856 2407 antiquitatem
881 2336 956 2408 ejus·
1008 2332 1177 2391 additionem
1192 2334 1275 2391 lrabct
1288 2333 1413 2391 undecim
1429 2333 1538 2391 illorum
1549 2340 1730 2399 tractatuum,
1742 2343 1813 2403 quos

159 2428 222 2483 dem
234 2427 334 2485 ordiris
356 2428 485 2500 colligere
505 2430 577 2485 lieet.
600 2428 628 2485 Si
646 2430 718 2485 enirn
735 2430 778 2486 bic
790 2430 875 2487 codes
891 2439 955 2487 note
1010 2428 1038 2485 in
1051 2428 1179 2485 Remensi
1193 2428 1245 2485 ulia
1261 2444 1341 2485 mnnu
1354 2428 1476 2500 adjectos
1488 2427 1713 2492 observavimus;
1725 2434 1754 2482 ct
1766 2438 1813 2481 so-

161 2519 332 2576 llincmamm
353 2521 380 2575 in
405 2535 456 2576 usn
479 2520 527 2577 luit
548 2520 711 2579 Veronensis
730 2520 874 2589 Euctemon,
898 2524 954 2595 jum
1010 2521 1066 2577 lum
1079 2522 1107 2579 in
1121 2522 1164 2577 tris
1185 2522 1361 2581 tractatusde
1374 2520 1506 2577 divertet
1528 2518 1633 2575 lnuidio
1654 2518 1813 2575 diuisuscst

158 2614 241 2671 etiarn
260 2614 455 2686 archiepiscopi
471 2622 551 2672 monte
569 2616 750 2688 antiquiorem
771 2616 853 2672 luisse
869 2616 956 2687 palam
1009 2615 1036 2669 ln
1049 2614 1136 2683 duos,
1149 2614 1222 2686 quod
1234 2615 1323 2685 ipsum
1334 2616 1361 2671 in
1377 2615 1505 2673 llaticnno
1517 2612 1741 2686 deprelrendirur.
1755 2609 1812 2667 lios

156 2718 219 2776 cerr
240 2724 326 2780 neque
350 2710 424 2766 enim
439 2709 545 2777 codici,
562 2710 607 2781 qui
630 2711 656 2765 in
681 2711 816 2767 liincmsrl
840 2712 955 2783 pretinm
1010 2719 1140 2767 tractatus
1161 2709 1305 2774 undecim,
1320 2710 1367 2781 qui
1390 2710 1427 2765 ob
1445 2716 1625 2765 memoratum
1646 2705 1810 2763 divisionem

155 2816 256 2858 recens
271 2802 513 2868 tmnscriberernr.
529 2818 576 2859 eus
590 2804 712 2859 rubricas
727 2804 891 2876 marginales
905 2803 957 2859 ulie
1008 2802 1128 2859 eradunt
1139 2802 1296 2869 duodecim,
1307 2800 1430 2874 seqrrltur
1442 2809 1573 2857 tractatus
1582 2798 1615 2855 de
1628 2798 1702 2873 riqno
1713 2806 1813 2853 rnnctae

154 2908 240 2949 manu
253 2908 390 2965 apponere
411 2908 522 2952 necem
542 2894 661 2965 luisset,
684 2898 721 2953 uri
744 2912 810 2954 sune
828 2899 958 2970 apposioc
1009 2895 1101 2953 Crucis
1114 2915 1124 2953 .·
1136 2907 1180 2954 est
1192 2906 1283 2953 autem
1298 2896 1416 2969 byrrrnus
1431 2903 1494 2953 octo
1514 2892 1706 2965 ernrpbarom.
1727 2906 1809 2963 qoem

154 2986 221 3041 aliis
234 2988 261 3041 in
280 2986 420 3044 oodieibus
438 3004 491 3044 nou
506 2990 639 3061 legeretur.
653 2988 745 3059 lroqoe
758 2990 848 3063 aliquo
861 2991 956 3047 saitem
1008 2991 1176 3049 ePrudenrii
1192 2992 1306 3062 longiori
1317 2993 1419 3065 bymrm
1429 2990 1587 3060 decerptum
1607 2990 1634 3045 in
1648 2985 1810 3061 prelatione

153 3080 261 3137 saecuto
281 3089 343 3138 ante
366 3080 503 3138 lliucmnri
523 3090 631 3137 retorem
651 3082 722 3138 idcm
743 3082 838 3169 codes⁸
850 3083 958 3140 videtur
1008 3085 1042 3142 ad
1057 3085 1241 3156 dispendicem
1256 3086 1451 3143 ostendemus:
1466 3093 1495 3142 et
1508 3086 1567 3141 lrrcc
1576 3083 1682 3139 additio
1697 3082 1725 3137 in
1739 3078 1808 3135 duo-

154 3174 243 3231 luisse
256 3176 386 3246 scriptus,
402 3184 431 3231 ut
446 3175 559 3246 proinde
571 3176 604 3231 ad
619 3176 747 3231 secutum
762 3177 857 3233 saitem
880 3188 956 3235 octe·
1009 3178 1061 3235 bus
1071 3179 1133 3235 aliis
1145 3176 1277 3235 Vaticano
1296 3186 1378 3249 etque
1391 3178 1557 3249 Pompuleno
1569 3175 1709 3233 codicibus
1728 3187 1810 3245 repe·

153 3280 222 3321 rum
236 3268 371 3337 pertinere
391 3268 452 3338 iure
465 3268 614 3324 credetur:
635 3277 663 3325 et
678 3268 740 3325 binc
754 3270 823 3327 lnrrc
847 3280 908 3341 post
922 3270 951 3330 S.
969 3245 993 3311 G
1009 3272 1088 3329 rirur.
1103 3271 1172 3329 Tum
1194 3287 1261 3329 vero
1274 3272 1410 3329 secundus
1429 3272 1498 3328 liber
1511 3270 1562 3327 bue
1580 3267 1700 3326 clausula
1716 3267 1809 3323 termi-

153 3360 274 3415 Zenonis
289 3362 369 3417 ritum
385 3376 400 3416 a
414 3360 551 3417 Corormto
563 3360 674 3419 Notario
693 3370 820 3435 scriptam
837 3364 954 3423 trarrsla·
1006 3376 1087 3423 natur
1099 3383 1106 3420 t
1120 3364 1274 3437 Expliciunt
1285 3364 1317 3422 8.
1334 3364 1449 3422 Zenonis
1459 3361 1615 3418 annotationi
1631 3358 1741 3415 cioitutis
1759 3355 1811 3411 Ve-

154 3456 244 3512 tionls
256 3456 289 3512 ab
300 3472 334 3513 eo
347 3458 455 3514 omlstrc
469 3457 500 3513 lit
514 3458 616 3514 mentio
640 3458 693 3515 illis
706 3460 816 3517 verbis:
832 3460 955 3518 Transire·
1005 3462 1124 3516 ronenrr'r
1140 3458 1282 3531 Episcopi,
1297 3470 1321 3516 et
1341 3460 1452 3532 pauoris
1470 3458 1553 3528 ipsius
1573 3454 1684 3509 ciuitatis
1696 3451 1810 3523 dilium·

152 3552 196 3605 rie
208 3550 265 3623 einr
281 3560 375 3619 rerrer‚·
396 3566 476 3623 quam
497 3550 662 3607 additionem
675 3566 736 3609 cum
758 3552 893 3622 secunda,
907 3555 954 3611 sed
1007 3554 1109 3610 tirrimi.
1126 3553 1190 3609 lime
1203 3562 1293 3609 autem
1306 3551 1428 3609 clausula
1442 3549 1469 3605 io
1483 3549 1538 3603 alio
1547 3546 1637 3603 solum
1650 3541 1807 3601 monasterii

151 3646 268 3713 antiqua
291 3652 380 3700 tamen
401 3658 502 3712 mnou,
524 3645 625 3701 smerde
649 3660 720 3700 nono
742 3645 870 3711 ineunte.
893 3662 954 3703 cum
1006 3646 1036 3703 S.
1060 3645 1177 3711 Zenopis
1202 3642 1387 3716 nranuscripto
1406 3642 1513 3715 legitur.
1533 3639 1677 3699 Addurrtur
1699 3636 1808 3693 tandem

152 3738 203 3791 rix
218 3746 324 3807 persora
340 3736 435 3794 luisset
455 3738 612 3803 translatio.
627 3748 654 3794 et
668 3750 812 3811 antequem
827 3740 912 3798 codes
927 3742 954 3798 in
1007 3742 1035 3798 in
1048 3756 1083 3799 ce
1093 3740 1189 3799 codice
1204 3749 1334 3797 tractatus
1345 3739 1415 3803 duo,
1426 3738 1471 3810 qui
1485 3737 1513 3793 in
1526 3734 1633 3793 duobus
1647 3732 1707 3789 aliis
1720 3728 1809 3787 Zeno

152 3828 296 3886 llincmari
316 3836 410 3886 manus
431 3831 552 3896 reniret.
574 3830 688 3889 Veronae
712 3834 863 3904 appositam
887 3834 955 3890 sutis
1008 3836 1097 3891 nianis
1108 3850 1178 3890 mss.
1189 3834 1252 3889 item
1263 3827 1681 3899 describuntur‚alrerdclita‚
1696 3824 1765 3879 alter
1774 3820 1810 3878 dc

151 3922 289 3977 credibile
300 3932 342 3979 est
353 3940 361 3992 ;
374 3933 430 3980 tum
443 3940 510 3981 rere
523 3926 580 3996 ipse
593 3924 678 3982 codex
694 3928 777 3995 primo
790 3942 871 3982 mnnu
881 3938 955 3983 ocra·
1007 3929 1197 3987 tnnsraoooe
1209 3928 1238 3985 S.
1249 3926 1381 3993 zenonis,
1393 3923 1496 3982 ersmrt
1508 3924 1553 3979 illa
1566 3921 1621 3979 duo
1632 3927 1808 3977 monumenta

149 4030 191 4071 ru
214 4016 310 4072 saitem
335 4019 435 4073 seculo
459 4026 586 4075 exoratus
611 4018 664 4074 diei
683 4016 856 4077 debendum
872 4036 955 4093 porro
1006 4023 1154 4095 aquodam
1169 4014 1727 4086 nrooaclroZenorrianoconscriptn,quoe
1738 4023 1810 4064 mur·

152 4108 209 4165 bae
228 4110 254 4164 in
273 4109 403 4177 ecelesia,
426 4113 451 4166 in
471 4126 523 4182 qua
544 4110 574 4169 S.
591 4111 664 4177 Zeno
686 4112 773 4180 sedit,
796 4121 871 4169 tento
896 4116 955 4171 usui
1007 4115 1070 4172 ebio
1083 4114 1176 4185 seinte
1188 4112 1309 4169 lludeius
1330 4112 1402 4167 iuter
1416 4109 1467 4165 ntia
1482 4104 1662 4180 diplomaticae
1681 4099 1809 4159 bisterton

151 4200 257 4267 luerit;
273 4204 388 4257 moritus
405 4202 527 4274 prolecto
538 4219 602 4260 euru
617 4220 651 4261 er
670 4206 871 4277 exerrrplnribos
884 4208 954 4263 orrti·
1007 4209 1129 4279 subjecta
1149 4206 1235 4264 edidit
1254 4219 1315 4277 paq.
1336 4204 1450 4267 odoret
1464 4212 1579 4270 utreque
1596 4201 1624 4256 in
1644 4210 1710 4255 mss.
1725 4194 1808 4253 Pom·

151 4295 296 4366 quioribus
315 4298 468 4365 exscriptos
487 4296 639 4354 credendus
654 4308 711 4365 est,
730 4300 803 4369 quod
826 4310 955 4369 preston·
1009 4306 1107 4376 peisne
1120 4316 1152 4358 ac
1169 4296 1327 4359 Zenonianc
1340 4296 1465 4357 similiter
1480 4302 1611 4366 prosunt.

154 4391 225 4444 tiam
249 4388 369 4459 eiusdem
403 4404 465 4446 cum
497 4400 567 4445 rento
598 4394 758 4463 arrriquimtc
782 4392 954 4464 conjunctam
1043 4396 1099 4453 illl.
1119 4397 1147 4453 lu
1172 4395 1300 4452 Vaticana
1325 4390 1488 4449 bibliorbecs
1507 4394 1623 4459 quatuor
1643 4382 1673 4441 8.
1689 4380 1810 4439 zennon

154 4482 276 4539 morione
285 4481 466 4537 commendat.
478 4482 515 4537 lle
525 4482 714 4554 antiquissimo
724 4482 850 4541 llemerrsi
861 4484 954 4542 codice
1006 4492 1116 4549 codices
1135 4504 1198 4547 erse
1210 4488 1364 4559 recepimus
1378 4504 1385 4540 ι
1398 4492 1427 4540 st
1436 4498 1499 4541 cum
1513 4479 1629 4547 ιιιιιιιιιι,
1645 4477 1744 4547 quibus
1758 4488 1809 4530 no-

151 4576 299 4630 hacteuus.
315 4574 390 4629 liurrc
403 4574 437 4631 de
457 4574 571 4647 reliquis
584 4574 740 4647 singiliatim
753 4576 880 4648 quidem,
905 4578 952 4635 sed
1008 4586 1058 4642 rari
1068 4594 1142 4650 sunt,
1156 4596 1210 4638 noo
1223 4580 1277 4636 nisi
1289 4580 1403 4635 duorum
1417 4579 1601 4646 suppeterent,
1617 4570 1732 4627 tornum
1746 4576 1808 4621 ten·

151 4666 276 4725 brevius.
971 4642 1066 4735 Dtorn
1089 4677 1262 4734 collationem
1285 4672 1364 4731 nobis
1393 4676 1564 4743 procuratum
1586 4681 1602 4720 a
1629 4664 1660 4720 P.
1688 4660 1810 4732 tosepbo

194 4758 238 4815 ιι.
258 4758 326 4815 oon
345 4758 417 4832 opud
434 4762 564 4818 locellum
583 4763 738 4836 Philippum
761 4764 956 4823 Ttromasinum
1009 4770 1170 4829 Bluoelrioio
1194 4768 1367 4839 recepimus,
1396 4762 1519 4819 Vaticani
1540 4758 1611 4817 libb
1632 4764 1662 4814 ct
1685 4754 1808 4812 Vaticani

151 4856 184 4911 ³¹¹
208 4856 337 4913 oooou.
355 4858 454 4913 sonoro
479 4872 545 4914 oss.
563 4874 623 4929 oar·
640 4858 674 4917 or
695 4864 860 4918 neronom
884 4860 957 4917 noro
1009 4866 1148 4923 crotous
1161 4864 1225 4929 roo,
1238 4878 1307 4933 ooo
1322 4862 1348 4917 o
1363 4858 1526 4917 errorores.
1545 4851 1689 4913 osoooom
1704 4848 1806 4905 rouro-

150 4964 279 5007 essemus
294 4949 395 5007 codicis
415 4950 580 5019 zenobium,
594 4952 639 5022 qui
653 4952 680 5008 in
695 4952 858 5011 bibliotheca
872 4954 959 5012 Cleri·
1009 4968 1086 5015 uerat
1111 4956 1210 5014 Paulus
1232 4953 1382 5011 Gnieardus
1407 4948 1560 5008 canonicus
1584 4944 1737 5009 Brisiacus,
1762 4941 1809 5011 qui

152 5058 252 5099 comm
276 5042 452 5115 Regrrlarium
465 5044 686 5111 Tolerrrinutum,
708 5047 745 5103 uri
771 5046 891 5105 Veneriis
909 5064 958 5103 vo-
1009 5064 1142 5127 praereren
1164 5049 1325 5108 restantibus
1351 5047 1401 5103 sibi
1421 5042 1567 5100 Francisoo
1588 5036 1759 5101 lilanolrirrio,
1780 5041 1809 5089 et

151 5146 237 5201 eaor,
258 5136 438 5203 serrabatur,
463 5152 519 5194 rem
544 5138 720 5195 indicarimus
741 5138 785 5195 lo.
810 5138 956 5199 Frarrcisoo
1009 5148 1108 5205 (larcio
1124 5144 1233 5216 btojetto
1251 5142 1381 5199 Ronmanis
1401 5136 1521 5210 prolatis
1538 5129 1746 5194 eruditissimim
1759 5140 1808 5182 eos

153 5231 301 5301 sequierio
316 5229 508 5298 Nemausensi,
530 5232 646 5287 indiviso
661 5233 697 5287 iili
714 5232 876 5289 llorcbionio
888 5232 956 5289 liul-
1008 5255 1058 5297 xor
1077 5238 1179 5295 seeum
1199 5234 1317 5307 scriptos
1330 5230 1483 5290 allirmrrit.
1500 5228 1556 5285 ilos
1573 5235 1663 5282 autern
1681 5230 1807 5279 accurete

151 5322 203 5379 lcii
216 5324 243 5379 in
256 5325 383 5379 litteraris
396 5324 538 5381 itineribus
551 5325 660 5393 comiti,
675 5327 719 5397 qui
734 5342 794 5383 eum
817 5342 903 5397 nuper
924 5343 956 5385 ea
1009 5334 1123 5393 coituros
1136 5332 1239 5389 babere
1251 5329 1368 5385 maxime
1380 5327 1519 5382 intererat.
1533 5322 1600 5379 Cum
1614 5319 1687 5375 euim
1697 5316 1727 5373 bi
1740 5314 1808 5372 utri-

152 5418 269 5475 lumbe
283 5424 375 5483 essct.
391 5431 471 5488 opem
486 5416 589 5473 terente
606 5416 639 5473 P.
655 5417 801 5475 l'roncisco
816 5419 958 5478 berlendis
1009 5443 1063 5499 que
1077 5430 1210 5483 insertum
1226 5423 1344 5479 babeant
1361 5433 1516 5476 sermonem
1538 5416 1569 5473 8.
1592 5408 1808 5479 duodennium

152 5512 259 5571 clerico
277 5512 395 5583 regulari
414 5512 536 5579 ejusdem
552 5514 618 5577 loci,
637 5512 712 5569 illum
726 5529 787 5569 com
804 5514 884 5573 editis
898 5516 958 5572 dili·
1008 5520 1037 5575 in
1063 5519 1148 5589 prime
1167 5532 1276 5588 quoque
1299 5514 1329 5571 8.
1355 5512 1472 5569 Zenertis
1495 5508 1613 5566 editione
1635 5505 1704 5561 libro
1727 5501 1809 5556 tertio

153 5604 319 5676 qeotissime
339 5604 464 5660 corrtulir.
489 5602 709 5661 llcmbranneeus
732 5606 817 5665 ceder
837 5618 880 5665 est
900 5610 957 5679 put·
1011 5612 1191 5685 penultimum
1205 5610 1296 5666 locum
1308 5609 1412 5665 obtinet
1426 5604 1508 5677 (unde
1520 5600 1640 5659 codicem
1660 5590 1808 5651 nGuarino

154 5696 342 5767 cbrrrinrique
354 5698 527 5761 cberocteris,
536 5698 634 5767 quique
645 5698 677 5753 ud
689 5714 736 5754 xrrr
750 5698 859 5757 circiter
872 5717 957 5758 srccu·
1010 5704 1039 5761 in
1054 5702 1184 5775 episcopii
1198 5701 1362 5759 Vemncnsis
1378 5698 1538 5756 bibliotheca
1552 5693 1688 5748 invention
1701 5684 1808 5743 duobus

154 5792 212 5847 lum
228 5789 365 5860 pertinere
380 5798 497 5857 potetur.
513 5788 655 5845 centones
665 5791 698 5845 ud
712 5790 874 5849 llemeosem
889 5795 955 5850 mul·
1011 5798 1064 5855 illis
1080 5796 1244 5865 persimilem
1267 5790 1451 5866 aquiescimus)
1469 5785 1630 5861 urniorum-
1641 5776 1807 5860 desiderium

153 5884 214 5947 tum
229 5881 383 5947 neretum.
400 5888 428 5933 at
448 5894 462 5932 a
482 5878 592 5936 librario
616 5882 806 5955 nrinnsperlto
819 5894 846 5941 et
867 5874 956 5944 roiro-
1008 5889 1163 5946 incesseret
1185 5875 1314 5943 ridendi.
1339 5882 1428 5937 orroni
1451 5876 1503 5932 illis
1528 5874 1555 5929 in
1574 5868 1714 5927 'codicibus
1735 5868 1806 5925 idem
