3950 6317
64 365 111 425 tlt
638 363 797 423 nlsrbttlh
817 361 1099 426 bdplrtsrattust.
1645 367 1698 426 sis

63 485 113 542 resi
124 480 273 538 constitutis
284 479 385 554 ailquid
395 489 457 538 autc
469 480 625 540 donationis
641 484 685 540 rel
698 481 844 540 haredita-
859 481 886 544 Α
932 483 1013 538 huno
1027 482 1092 552 ⁴08,
1108 483 1239 542 stilicone
1253 485 1287 542 ad
1305 483 1376 542 diem
1389 485 1426 544 ιιι
1439 485 1551 558 Augusti
1565 485 1696 542 interlec-

63 581 95 634 tis
108 576 244 632 olrtcnerit
258 593 265 628 :
281 575 322 630 liis
345 585 435 630 trition
457 577 593 644 exceptis,
611 576 658 648 qui
682 577 729 632 lite
747 575 845 644 pulsati
898 582 943 641 to,
961 590 1039 632 nosae
1055 591 1104 646 per
1117 575 1270 636 Donatistae
1284 579 1370 635 turbae
1382 578 1506 635 excitate
1521 587 1603 649 suut,
1619 577 1698 650 quasi

64 670 211 742 putaverint
223 668 259 725 ad
272 667 438 726 catholicam
455 669 660 738 transeundum,
681 672 743 740 quia
757 669 791 725 dc
806 677 846 724 ta·
896 684 930 726 eo
943 680 1052 728 mortuo
1063 670 1168 742 iegibus
1182 672 1262 727 soluti
1274 681 1377 740 essent,
1394 683 1422 728 et
1435 688 1468 729 ne
1479 673 1601 730 audacie
1618 671 1695 730 color

62 765 127 820 libus
140 761 266 818 credibile
282 770 324 818 cst
345 778 400 818 non
420 771 493 818 ntcttt
509 763 628 819 coelestis
647 760 741 832 judicii
757 761 847 832 potius
896 761 1016 830 deesset,
1033 762 1230 832 indulgentiam
1246 763 1280 820 ab
1292 763 1411 820 Honorio
1431 763 1529 820 iactant
1544 765 1691 822 commenti

62 872 135 930 quam
158 854 254 911 terreni
268 855 405 910 commodi
427 855 557 912 auiditate
571 856 703 912 unitatem
723 854 845 912 carboli·
896 867 969 928 sunt,
986 855 1040 914 Sed
1061 865 1245 912 commentum
1267 857 1357 912 statim
1379 857 1544 929 dissiparunt
1569 861 1642 930 leges
1661 859 1696 914 ab

60 965 114 1004 cam
134 956 306 1018 praeoptasse.
325 945 394 1004 Huic
414 948 532 1018 publicae
553 948 680 1020 legationi
701 957 729 1004 et
749 947 847 1004 litteris
898 951 1064 1022 imperatore
1078 949 1173 1006 rodcnt
1187 960 1297 1007 attnoct
1311 953 1436 1022 sequenti
1453 953 1478 1008 in
1494 969 1540 1009 eos
1560 954 1632 1010 latae.
1648 953 1697 1010 iiis

60 1040 161 1097 coticilii
173 1039 206 1096 ad
217 1039 406 1108 imperatorem
422 1041 536 1113 adjectae
551 1051 614 1097 sont
627 1043 744 1112 querelae
757 1043 846 1114 priua·
896 1057 993 1100 setere
1010 1043 1192 1114 exsequendis
1207 1057 1268 1098 enm
1283 1042 1471 1098 incumberent
1483 1045 1624 1114 prasides,
1637 1059 1698 1115 pur·

61 1148 141 1192 torum
152 1137 196 1208 qni
209 1135 306 1206 injuria
319 1135 408 1192 allecti
422 1147 501 1192 erant
514 1151 530 1190 a
544 1123 703 1192 Donatistis.
898 1149 961 1190 unm
975 1125 1145 1204 sangniuis'a
1162 1132 1283 1189 iactiosis
1298 1133 1480 1190 schismaticis
1493 1136 1599 1190 amoliri
1615 1151 1698 1192 eltna-

92 1231 207 1286 Edicnnrr
219 1229 252 1284 de
266 1227 372 1286 Uulture
385 1227 417 1284 ah
433 1228 549 1284 lionoris
564 1232 655 1286 inserts.
672 1229 764 1286 linitas
776 1232 846 1302 facto
897 1233 941 1282 tus
954 1235 996 1280 est
1008 1225 1182 1298 Augustinus.
1200 1225 1300 1283 ilerum
1317 1235 1345 1282 ut
1359 1235 1423 1282 situl
1436 1229 1578 1284 versatiles
1593 1231 1696 1298 princi·

60 1323 209 1394 carthagini.
223 1350 259 1362 -
273 1319 321 1376 liis
335 1330 487 1378 commotos
499 1320 637 1376 bonucrios
651 1320 677 1376 itt
692 1321 845 1378 oonattsns
896 1335 961 1392 pum
982 1319 1074 1390 leges,
1091 1317 1164 1374 circa
1178 1320 1297 1374 medium
1312 1320 1376 1376 atttti
1391 1319 1445 1376 llis
1458 1320 1593 1376 lionoritts
1607 1321 1698 1378 litere-

60 1433 103 1472 sco
116 1415 321 1486 hebaptisantes
332 1414 537 1472 severissimum
553 1415 613 1470 tulit
626 1413 746 1472 edictum
760 1414 845 1486 pridie
897 1411 959 1467 licis
972 1411 1132 1468 exercendae
1150 1411 1354 1480 superstitionis
1369 1429 1424 1468 suae
1443 1421 1608 1484 potestatem
1630 1429 1696 1468 cott-

60 1511 115 1564 idus
130 1505 278 1572 Februarii.
296 1506 428 1564 stilicone
446 1507 469 1565 il
483 1518 511 1564 et
526 1507 671 1564 Anthemio
683 1506 775 1576 Coss,
793 1509 845 1566 hoc
895 1507 988 1560 cessit·
1015 1505 1068 1560 Sed
1090 1521 1150 1561 eam
1175 1505 1338 1572 libertatem.
1368 1505 1550 1579 flagitantibus
1588 1509 1696 1565 conctltt

60 1610 98 1658 cst
108 1616 176 1658 auno
189 1600 252 1659 llis.
267 1599 355 1670 iltsjus
366 1600 447 1658 edicti
464 1601 549 1672 partis
561 1612 623 1656 suut
637 1602 712 1672 leges
729 1611 845 1670 quatuor
895 1596 1118 1670 carthaginensis
1134 1597 1268 1666 Panthus,
1284 1616 1299 1656 a
1315 1599 1412 1674 quibus
1426 1603 1545 1676 quinque
1556 1603 1698 1675 cpiscopo-

60 1693 106 1750 ιιι
121 1707 173 1748 uua
192 1699 220 1749 et
236 1692 332 1750 eadem
353 1692 398 1750 die
419 1692 490 1750 datae
509 1697 535 1748 ln
557 1692 625 1749 Cod.
641 1692 844 1750 Tlteodosiano.
895 1707 956 1746 runt
978 1693 1074 1766 legatio
1100 1694 1133 1750 ad
1161 1693 1318 1752 comitatum
1346 1696 1427 1752 otissa
1450 1705 1532 1764 erat,
1559 1701 1696 1756 reuocauit

61 1789 156 1842 Dictum
171 1795 212 1842 est
228 1794 319 1842 autem
338 1784 457 1844 Unitatis
473 1787 610 1854 edictum,
625 1786 689 1858 quia
710 1801 759 1852 per
776 1785 844 1844 illud
896 1783 992 1839 eodem
1005 1799 1087 1850 anno,
1099 1794 1126 1840 et
1138 1786 1337 1842 seuerissimam
1352 1787 1381 1842 in
1400 1803 1449 1844 eos
1471 1788 1558 1860 legent
1572 1790 1634 1846 tulit
1647 1790 1697 1846 da·

59 1883 104 1938 sub
116 1881 450 1954 poenisfflgrarissimis
465 1879 615 1950 injunctum
629 1892 688 1937 erat
708 1877 952 1938 heretictrlttam
986 1892 1033 1932 ttttt
1074 1875 1186 1932 Kalend.
1225 1878 1390 1948 Septembris
1426 1879 1507 1950 huius
1540 1884 1603 1938 anni
1643 1882 1697 1940 sto

59 1986 84 2030 ct
109 1974 284 2030 schismaticis
311 1972 344 2028 ad
369 1971 537 2030 catholicam
565 1972 716 2031 Ecclesiam
744 1973 843 2030 redire.
896 1969 930 2024 ed
946 1967 1134 2026 Heraclianum
1145 1970 1272 2028 comitem
1284 1971 1382 2029 hiricae
1395 1991 1401 2026 :
1413 1991 1464 2044 qtto
1477 1975 1582 2031 oraculo
1596 1977 1698 2046 penitus

59 2067 160 2122 llissom
172 2067 207 2122 ad
222 2065 388 2123 lladriatttttu
404 2066 458 2122 PP.
475 2067 559 2123 italiae
572 2077 599 2121 et
614 2067 753 2140 speciatim
768 2067 845 2124 dics
895 2069 993 2116 “miti
1007 2078 1057 2128 qao
1072 2060 1106 2116 ‘ld
1116 2063 1182 2119 fidit
1194 2081 1256 2119 tulit
1270 2065 1396 2120 htvteliffl
1410 2067 1599 2138 svpertlilt'drtt's
1614 2067 1697 2124 inmi-

60 2161 137 2214 ilartii
151 2158 185 2214 ad
197 2164 388 2232 proconsulem
403 2159 515 2225 hiricre,
531 2168 561 2215 ut
575 2158 612 2214 ibi
627 2159 845 2232 promulgaretur
896 2170 940 2208 tter
953 2153 1128 2226 obrepserant,
1145 2156 1291 2226 plectendos
1311 2175 1354 2214 eos
1372 2175 1447 2231 ptstto
1462 2161 1661 2230 proscriptionis
1673 2173 1698 2218 et

59 2265 84 2308 ct
94 2253 241 2310 executioni
256 2254 441 2312 mandaretur.
453 2254 485 2310 ii
501 2254 580 2324 liujus
591 2253 673 2311 edicti
683 2255 738 2311 cito
749 2254 845 2312 linitas
896 2247 1029 2320 ‘addititii
1043 2251 1140 2316 statuit,
1156 2249 1179 2304 δι’
1191 2253 1260 2303 ultra
1274 2253 1407 2307 ⁶⁰l¹l²l¹il0
1420 2267 1464 2321 lle?
1483 2251 1615 2324 limium
1638 2269 1697 2309 ιιι·

58 2348 121 2417 apud
137 2347 329 2422 Carthaginem
350 2348 430 2416 lacta,
451 2348 554 2404 tardius
574 2348 724 2405 incaeteris
745 2347 845 2405 hiricae
896 2339 994 2392 ‘'⁰¹¹⁶“
1005 2340 1156 2395 “clerinti
1171 2343 1311 2398 temeritate
1325 2344 1487 2400 tetttoserint.

59 2441 195 2512 propinetis
213 2441 238 2496 pp
258 2441 342 2510 pomp
361 2441 491 2498 optineri,
514 2440 544 2497 lp
567 2440 684 2498 poppleto
702 2437 844 2511 carthagi.
934 2429 1694 2507 Edt'ctndecontestationeepiscoporumodcollationem-
1717 2455 1726 2474 ·

58 2536 129 2592 nensi
140 2535 280 2592 babtmst
291 2535 405 2606 hugusti
420 2534 543 2606 ejusdem
557 2535 632 2602 anni,
649 2531 789 2590 decretum
803 2543 845 2590 err
895 2521 1016 2579 Tattdetn
1042 2540 1103 2581 cum
1129 2527 1163 2584 ab
1185 2535 1296 2599 utraque
1311 2533 1479 2602 partepetita
1493 2535 1695 2605 essetcollatio‚

59 2637 85 2682 ut
96 2627 153 2700 quia
167 2626 239 2698 apud
251 2626 443 2700 Carthaginem
456 2635 560 2684 ratitum
574 2626 663 2680 unitas
678 2625 750 2682 iacta
766 2635 842 2694 erat,
895 2635 1012 2693 eamque
1021 2621 1101 2678 enixe
1110 2621 1263 2694 llagitarcut
1274 2622 1415 2690 Catholici,
1430 2633 1512 2697 atque
1525 2643 1556 2684 ea
1567 2627 1601 2686 de
1615 2643 1696 2686 causa

58 2721 178 2778 darentur
191 2721 273 2778 etiam
289 2722 389 2778 litterae
404 2719 572 2792 adjudices,
589 2730 618 2775 ut
631 2729 659 2774 et
674 2721 700 2774 in
710 2719 772 2775 aliis
782 2733 845 2790 pro-
895 2711 1000 2784 legatos
1012 2715 1045 2770 ad
1060 2713 1250 2786 imperatorem
1266 2717 1415 2774 honorium
1439 2722 1586 2790 misissent,
1609 2722 1643 2778 ab
1662 2739 1696 2780 eo

58 2814 144 2869 uiuciis
154 2823 181 2868 et
192 2813 347 2869 ciuitatibus
358 2826 468 2884 operam
482 2811 601 2884 impendi
611 2809 726 2882 jubeant
736 2809 843 2876 unitati,
894 2805 981 2864 edicta
993 2815 1046 2876 est,
1063 2809 1203 2868 sanctione
1225 2811 1286 2869 data
1298 2811 1433 2870 paterne
1448 2816 1535 2888 pridie
1549 2815 1609 2874 idos
1621 2827 1697 2894 pcto-

57 2915 133 2975 utque
146 2907 295 2978 gratiarum
311 2907 436 2964 actiones
451 2908 484 2964 de
498 2904 706 2978 Carthaginensi
719 2903 842 2961 Ecclesia
894 2901 951 2956 bris
963 2903 1013 2958 sub
1028 2903 1169 2960 consulatu
1193 2905 1318 2974 varanis,
1341 2924 1413 2964 antro
1434 2909 1537 2966 scilicet
1558 2911 1627 2977 tto,
1642 2927 1695 2984 qua

56 3013 101 3069 pro
124 2999 248 3054 uniuersa
275 2998 368 3057 hlrira
395 2997 430 3056 de
453 2998 612 3056 exclusione
640 2996 842 3053 bttuatistarum
896 2993 1052 3053 bonatistas
1065 2999 1208 3070 episcopos
1220 3009 1247 3056 et
1264 2997 1419 3058 catholicos
1433 3003 1459 3058 in
1473 3005 1567 3060 urbem
1580 3001 1697 3060 Cartlta·

57 3106 112 3148 eum
124 3083 312 3165 episcoporum
326 3094 425 3151 litteris
436 3094 470 3151 sd
484 3094 644 3151 comitatum
659 3095 842 3148 mitterentur.
893 3085 1034 3158 ginensctu
1048 3088 1117 3144 intra
1132 3097 1247 3161 quatuor
1268 3107 1376 3149 meuses
1399 3097 1546 3152 conventre
1564 3096 1651 3168 jubet,
1666 3105 1695 3154 ut

57 3186 199 3244 Etrursum
215 3188 290 3244 missi
304 3187 359 3246 duo
372 3188 463 3245 clerici
476 3187 510 3244 ad
523 3186 680 3244 comitatum
695 3188 728 3242 ad
743 3185 843 3258 gratia·
895 3180 989 3239 electis
999 3183 1033 3238 ab
1048 3195 1161 3257 utraque
1176 3195 1252 3256 parte
1266 3187 1464 3258 sacerdotibus,
1476 3206 1555 3246 causa
1570 3193 1696 3249 commit-

57 3295 111 3336 rum
129 3282 262 3338 actionem
283 3281 415 3354 agendam
431 3293 459 3337 et
473 3280 619 3352 petendam
640 3281 841 3338 Donatistarum
855 3261 878 3328 C
895 3283 967 3332 tator
979 3276 1207 3348 disputationibus
1220 3281 1355 3351 agitanda.
1371 3281 1485 3352 Quodsi
1504 3283 1573 3339 intra
1590 3287 1696 3354 prasti-

58 3372 148 3442 ubiqoe
162 3371 189 3427 io
203 3371 295 3430 Africa
307 3372 505 3430 exclusionem.
896 3377 982 3424 toturn
1004 3379 1110 3439 tempus
1134 3373 1334 3430 ilonatlstarum
1352 3376 1472 3446 episcopi
1488 3391 1540 3432 non
1561 3391 1697 3434 contenc-

89 3461 241 3519 llcaima'nss
255 3463 392 3520 sinitensis
406 3463 842 3534 Donatistacollatioreutpostttlst.
895 3463 965 3531 rint,
980 3463 1042 3520 trini
1058 3465 1138 3521 edicti
1155 3469 1295 3524 vocatione
1316 3476 1489 3526 contumaces
1510 3469 1695 3538 declarentur,

58 3585 88 3596 ·-
97 3555 170 3611 huno
186 3556 259 3624 illc,
273 3559 318 3614 dic
329 3559 366 3616 δι)
377 3557 515 3630 ianuarii,
529 3559 689 3616 hiaximinos
701 3561 845 3632 episcopus
896 3556 993 3627 quibos
1008 3557 1150 3614 transactis
1164 3557 1187 3614 si
1200 3543 1336 3630 prtivocatl
1359 3561 1455 3618 adesse
1469 3561 1693 3632 contempserint,

57 3646 192 3704 sinitensis
210 3650 311 3716 aliique
330 3652 452 3708 nonnulli
468 3652 615 3706 bottatistoe
636 3651 800 3707 audientiam
817 3650 844 3707 in
895 3645 973 3704 cedat
992 3663 1053 3704 curn
1069 3649 1198 3706 Ecclesiis
1219 3651 1333 3721 populus
1354 3653 1400 3726 qui
1413 3653 1540 3710 doctores
1554 3669 1619 3711 suos
1633 3669 1695 3711 curn

57 3741 156 3811 publico
176 3741 249 3816 apud
270 3741 427 3800 Rauennam
450 3759 580 3801 consessu
603 3759 694 3800 coram
716 3743 845 3814 praelecto
895 3739 1004 3796 silentio
1019 3743 1179 3813 cognouerit
1191 3754 1346 3815 superatos,
1362 3747 1483 3818 sciatque
1497 3745 1644 3804 catholiea
1657 3749 1697 3805 le·

58 3837 166 3904 praetorii
182 3837 320 3908 petierunt
332 3838 377 3892 ubi
397 3852 458 3894 cnut
474 3837 623 3894 Catholicis
643 3853 752 3894 cansam
765 3851 844 3894 suant
895 3831 937 3904 gis
951 3833 1024 3889 veris
1039 3835 1158 3905 imperiis
1174 3837 1356 3893 seruiendum.
1382 3839 1429 3895 Coi
1444 3837 1553 3910 quidem
1575 3839 1696 3912 disputa·

59 3931 223 3988 ventilarent.
250 3930 320 4002 poto
341 3941 474 3990 statuttnu
496 3931 578 3988 luerit
601 3932 754 3998 incertum,
777 3929 845 3985 nihil
896 3925 964 3980 tioui
984 3927 1106 3998 principa
1131 3927 1191 3985 loco
1210 3929 1328 4001 judicem
1354 3933 1450 3988 sedere
1473 3931 1694 3990 uoluitFlauinnr

58 4033 125 4079 certe
141 4006 230 4080 attunt
252 4033 305 4082 est.
330 4023 493 4081 ilatintinus
514 4025 600 4080 redux
622 4025 648 4080 iu
670 4022 788 4080 hiulcam
809 4023 844 4080 ad
896 4017 1083 4074 Marcellinum
1106 4026 1133 4076 et
1156 4019 1307 4090 illuminor,
1335 4023 1379 4080 cui
1405 4039 1513 4080 omnem
1538 4025 1564 4080 in
1581 4039 1696 4097 congre·

59 4109 197 4172 Ecclesiam
213 4117 379 4174 catholicam
394 4119 521 4174 arcessit.
895 4109 976 4184 gandi
991 4121 1018 4166 et
1033 4113 1165 4169 evocandi
1179 4131 1203 4186 eq
1215 4116 1330 4186 scopos,
1346 4118 1461 4172 actionis
1480 4117 1653 4174 instituendus
1667 4130 1697 4176 et

90 4207 217 4265 statutam
233 4213 266 4266 ds
284 4209 420 4283 Εριιιιγιι
439 4222 463 4266 et
480 4210 673 4283 cpiscopnsibus
695 4207 844 4264 bonatista·
896 4205 1082 4272 moderanda,
1097 4205 1175 4264 aede
1191 4217 1247 4264 tolo
1267 4212 1375 4282 negotio
1389 4210 1524 4266 statuendi
1540 4211 1634 4268 tribuit
1647 4225 1696 4282 po·

58 4317 118 4356 mut.
129 4304 251 4358 --hnno
266 4303 331 4371 ιιι,
352 4305 378 4360 ιιι
396 4304 514 4360 cottcilio
528 4301 734 4374 carthaginensi
751 4315 845 4357 mense
896 4305 1032 4354 testatem.
1048 4297 1218 4357 Marcellinus
1231 4301 1282 4358 hoc
1292 4303 1380 4358 edicto
1394 4305 1525 4370 rnttttitus,
1540 4305 1696 4362 mandatum

58 4393 141 4462 lutrio.
155 4399 285 4454 statutitur
303 4407 333 4453 ut
348 4398 440 4468 plebes
457 4413 517 4468 qum
531 4412 671 4452 rotttcrsur
683 4405 773 4450 sunta
793 4395 846 4449 llo-
896 4394 1036 4462 proposuit
1051 4407 1106 4465 quo
1119 4405 1230 4452 cunctos
1253 4412 1301 4468 pcr
1321 4397 1440 4454 lllricnm
1470 4407 1525 4456 ttut
1549 4399 1696 4457 Catholicae

59 4491 157 4545 natiuis
170 4502 197 4552 et
210 4491 363 4547 babuerunt
374 4491 530 4560 episcopos,
546 4504 594 4544 eos
614 4488 767 4544 inconsulto
780 4501 847 4544 con·
897 4497 978 4554 quam
1004 4483 1161 4542 Donatianae
1181 4489 1263 4558 partis
1278 4491 1420 4561 episcopos
1435 4493 1644 4562 commonebat,
1667 4503 1697 4549 nt

59 4583 116 4638 cilio
129 4585 262 4641 retineant
279 4602 286 4641 :
302 4599 365 4655 quac
375 4592 465 4638 attitut
482 4579 633 4637 hahuerunt
646 4579 803 4652 episcopum
817 4587 846 4635 el
897 4575 968 4632 intra
984 4584 1091 4650 tempus
1105 4579 1163 4651 lege
1178 4581 1376 4655 qtrmscriptum
1393 4583 1418 4640 id
1434 4594 1486 4650 est,
1499 4587 1570 4642 intra
1580 4597 1697 4657 quatuor

60 4687 88 4727 eo
101 4675 223 4732 dclnncto
239 4692 292 4730 nun
313 4674 413 4731 tnbrre
430 4675 570 4746 proprium
596 4673 775 4742 episcopum,
793 4670 844 4730 sed
858 4653 1007 4726 Dotenses
1021 4669 1112 4737 qttiad
1127 4671 1321 4730 dicmiialend.
1337 4675 1477 4732 Iuniarum
1496 4677 1697 4736 concludeban-

60 4765 89 4818 nd
103 4768 213 4839 alicujus
236 4769 357 4840 episcopi
372 4767 512 4824 dioecesim
529 4765 667 4838 persistere
688 4765 844 4831 volueriut,
898 4758 1157 4834 toneartliagtnen
1186 4766 1293 4822 conscilii
1315 4767 1432 4850 laciendi
1457 4772 1541 4842 gralia
1566 4773 1696 4829 conteni-

62 4857 84 4914 id
104 4861 182 4916 etiam
199 4863 265 4932 ipsis
280 4878 333 4916 uon
347 4861 508 4931 denegetur.
527 4859 564 4915 tte
577 4857 714 4929 episcopis
727 4871 792 4912 rcro
804 4856 845 4927 ip·
898 4862 970 4919 rent,
979 4853 1158 4927 orturibusquc
1171 4861 1369 4928 magistratibus
1382 4879 1430 4933 per
1442 4865 1561 4921 hiricam
1575 4865 1697 4937 injunge-

60 4952 93 5007 sis
106 4955 155 5010 ltoe
168 4953 325 5020 decretum,
342 4962 372 5010 ut
386 4955 431 5023 qui
452 4962 513 5008 ante
527 4951 614 5025 legent
629 4950 663 5007 de
679 4949 787 5009 Unilate
807 4951 845 5006 la·
898 4943 954 5013 bat,
970 4955 1001 5001 nt
1022 4949 1164 5019 episcopos
1188 4955 1373 5020 conuenirent,
1396 4958 1491 5028 eisque
1513 4957 1697 5029 sigttillcarcttt

62 5053 110 5102 tatu
120 5049 153 5104 ab
165 5048 329 5122 imperatore
339 5048 373 5104 ad
384 5047 550 5104 Catholicam
562 5047 739 5114 accesserint,
753 5047 846 5118 plebes

61 5155 158 5200 suaset
180 5145 312 5202 ecclesias
329 5145 489 5200 retinerent.
505 5140 541 5199 ht
554 5144 599 5214 qui
615 5143 722 5198 nonnisi
738 5151 798 5214 post
814 5141 848 5196 il·

63 5232 102 5288 lud
119 5235 234 5292 edictum
251 5237 449 5306 promulgatum
470 5235 504 5290 ad
528 5235 681 5292 Ecclesiam
697 5243 848 5302 uenerant,

64 5325 183 5382 ccelesiis
201 5329 258 5384 suis
273 5328 386 5384 otttuino
401 5326 570 5397 spoliantur,
591 5343 685 5398 eaque
705 5343 736 5382 ac
750 5337 848 5384 educta

62 5415 148 5474 adeas
169 5422 330 5489 pertinentia
352 5417 503 5476 catholicis
528 5419 623 5475 horum
649 5420 769 5476 locurum
790 5419 849 5491 epi·

62 5511 144 5582 scopis
159 5512 354 5584 adjudicantur.

95 5605 202 5662 Honoris
220 5606 289 5682 leges
304 5608 330 5662 itt
347 5604 510 5661 Donatistus.
532 5636 567 5647 -
581 5605 685 5664 Eodem
706 5623 778 5663 anuo
791 5605 847 5662 iio·

64 5699 148 5752 titinius
164 5698 249 5771 iegetn
270 5699 331 5754 tulit
344 5714 395 5771 qna
417 5696 553 5752 lucreticis
570 5709 598 5756 et
612 5700 792 5756 schismaticis
814 5699 848 5753 ad

66 5787 205 5846 Ecclesiam
226 5791 402 5848 redeuntibus
422 5789 457 5848 ab
476 5793 602 5849 ttrltttibtts
626 5796 715 5864 proenis
733 5809 801 5866 quas
815 5808 849 5848 ex

65 5881 162 5946 leribos
177 5887 355 5952 incurrerant,
373 5883 570 5942 imutttnitateut
586 5888 730 5942 concessit.

900 5048 927 5097 ut
943 5042 1013 5098 intra
1025 5052 1141 5116 quatuor
1156 5049 1459 5121 mensescartbaginem
1473 5053 1608 5108 renirent.
1625 5053 1698 5110 Pror-

900 5143 973 5191 terea
990 5145 1019 5191 ιιι
1035 5137 1188 5194 Donatistns
1203 5139 1236 5194 ad
1253 5141 1424 5197 collationem
1440 5147 1623 5215 promptiores
1637 5146 1699 5202 red-

899 5223 987 5299 derdt,
999 5231 1080 5302 jussit
1094 5241 1124 5288 ut
1139 5233 1172 5290 iis
1184 5235 1229 5306 qui
1244 5251 1274 5290 se
1287 5237 1312 5291 ei
1327 5235 1460 5292 allaturos
1478 5253 1538 5294 esse
1550 5243 1700 5309 respoude-

900 5331 972 5391 rent‚
987 5323 1129 5392 Ecclesiae,
1146 5341 1231 5398 eaque
1245 5327 1304 5384 loca
1321 5343 1382 5400 quaa
1403 5331 1520 5387 tenuisse
1540 5332 1600 5386 illos
1619 5342 1700 5388 attica

900 5415 1070 5474 constitisset
1084 5419 1303 5476 restituerentur.
1316 5421 1421 5490 adjecit
1434 5421 1538 5490 quodsi
1555 5421 1702 5478 Donatistis

901 5525 1137 5586 essetsuspectns,
1151 5531 1183 5572 se
1197 5531 1249 5571 nnn
1266 5527 1453 5571 recusaturum
1476 5525 1505 5570 ιιι
1527 5515 1596 5570 alius
1617 5515 1702 5587 judex

901 5622 981 5678 quem
995 5607 1045 5680 ipsi
1061 5609 1190 5679 clegerint
1200 5608 1356 5664 Donatianae
1369 5607 1452 5676 partis
1466 5615 1493 5662 et
1509 5605 1568 5662 iudei
1593 5610 1634 5662 uel
1656 5623 1702 5665 su-

900 5703 1016 5769 pcrioris
1027 5702 1068 5758 rel
1083 5703 1179 5757 sinaitis
1192 5700 1330 5772 dignitatis
1345 5715 1436 5754 secuto
1460 5699 1591 5754 resideat.
1619 5700 1701 5756 lieni-

903 5811 956 5862 que
969 5795 1118 5851 deelaratit
1132 5793 1203 5866 quod
1217 5795 1273 5846 sive
1286 5807 1335 5860 pro
1348 5790 1495 5846 Donatistis
1513 5791 1570 5846 sive
1586 5805 1634 5860 pro
1652 5792 1704 5850 Ca·

904 5885 1013 5940 litolicis
1027 5887 1079 5940 lata
1095 5885 1160 5938 inrrl
1174 5885 1327 5946 sentiscit,
1352 5885 1377 5938 its
1407 5882 1481 5936 ttttlin
1501 5881 1703 5940 ilottatislttrttnt
