3950 6317
66 298 101 356 ss
510 245 627 349 susm
644 283 870 346 connexionis
888 282 1199 344 cenomanensis.
1380 281 1384 288 ·
1600 278 1672 338 rsus

66 424 130 464 nem
139 404 278 461 obtulisse.
295 402 328 458 lit
337 404 391 459 clia
400 409 488 458 muna.
501 403 666 476 Recognori.
679 404 823 460 Petiticnus
835 405 861 464 A
875 399 966 458 daturu
979 401 1131 460 conlectum
1144 411 1196 458 est.
1213 399 1297 474 isqui
1312 397 1458 470 morudavil,
1478 399 1514 456 de
1524 398 1603 470 cuins
1622 412 1673 455 no-

66 506 163 569 iscopus
176 498 251 554 dicit.
272 496 342 567 Quid
362 496 384 552 si
403 505 430 552 et
447 497 499 554 iste
517 497 658 566 moriatur,
683 497 728 569 qui
752 511 823 566 uper
875 493 1028 551 minenune
1041 493 1502 567 spitus,crumsegrotarecoepisset,
1516 492 1671 564 adpropriet

66 589 205 662 bscripsiti
217 589 292 662 quasi
307 587 390 646 bodie
414 603 467 645 non
482 603 551 644 unus
567 588 665 645 delerit
685 586 773 660 (tte).
789 585 824 644 lit
875 602 1000 644 remeans
1014 589 1042 644 in
1056 573 1153 646 itinere
1168 589 1276 647 defecit.
1290 589 1325 645 Et
1346 590 1400 646 alie
1413 604 1501 644 ιιιιιιιιι.
1516 586 1672 644 electurus

66 689 82 742 'a
97 701 182 739 ιιιιιιιιι.
207 683 354 739 Petiliauus
368 683 510 754 episcopus
532 681 688 753 recognovi.
705 681 825 736 Aureliae
876 678 1019 751 episcopus
1041 680 1195 752 recognovi.
1220 679 1370 737 Vincentius
1394 680 1530 754 episcopus
1549 676 1674 734 Ecclesia

66 781 164 849 iscopus
176 777 297 833 Ecclesia
309 774 449 832 Catholicis
458 775 668 852 Cartbapirreusis
680 774 755 830 tiela
769 773 824 831 Sed
875 771 1010 826 catlrolicoe
1031 771 1106 826 dixit.
1132 772 1207 828 bicat
1226 788 1281 843 quo
1302 773 1329 830 iu
1352 773 1414 830 lece
1427 770 1537 829 deiecit.
1561 770 1598 826 lt't
1619 771 1673 827 alia

88 871 185 927 itinere
210 869 342 926 defecisse
364 868 466 926 dixisti.
488 867 521 923 lit
548 869 601 924 allo
624 885 713 924 mena.
738 868 825 926 liceo·
876 877 966 918 altat·
995 860 1159 935 Recognori.
1187 862 1333 920 delectatus
1354 864 1589 937 episcopusdixit.
1614 863 1674 920 Nun

68 967 120 1020 ovl.
135 962 245 1034 Alypius
256 960 389 1032 episcopus
404 958 666 1016 Ecclesioecatlsolieoe
676 958 752 1016 dicit.
763 958 826 1017 Sul·
877 955 940 1012 noui
955 954 1054 1012 locum.
1069 953 1104 1010 Et
1117 956 1171 1010 alie
1184 971 1274 1011 ιιιιιιιιι.
1287 957 1323 1014 Ut
1337 971 1428 1029 supra.
1445 957 1616 1014 llmcellisus
1634 957 1674 1014 sis

68 1060 125 1110 irunt
149 1054 200 1110 ista
226 1051 406 1124 deprebensa.
428 1051 533 1110 lietera
558 1051 768 1124 subsequantur.
791 1049 826 1108 Et
861 1036 1040 1106 ¹clarissimus
1050 1050 1167 1106 tribanus
1181 1061 1205 1106 et
1217 1051 1335 1108 notarius
1347 1051 1421 1108 discit.
1435 1051 1566 1120 Quoniam
1577 1051 1675 1124 proba-

66 1151 84 1206 ἶιι
95 1165 183 1204 manu.
199 1147 366 1220 Recognovi.
386 1144 533 1206 Petilianus
545 1146 679 1220 episcopus
690 1147 765 1202 dicit.
781 1146 824 1202 Ni·
877 1139 942 1197 bilis
954 1148 998 1197 est
1016 1150 1114 1198 restrae
1136 1141 1290 1200 sanctitatis
1305 1143 1535 1214 prosecutiones
1554 1159 1617 1200 euru
1630 1143 1676 1200 bic

66 1245 69 1298 Ι
83 1241 295 1312 deprehendisti,
308 1239 505 1312 argrumeutaris
515 1251 608 1296 contra
625 1240 778 1296 veritatem.
794 1238 827 1296 lll
878 1231 961 1292 luisse
973 1242 1002 1290 et
1014 1249 1115 1308 agrum
1124 1234 1158 1292 ad
1172 1236 1282 1308 propria
1295 1244 1464 1294 remeantem
1472 1234 1608 1294 deiecisse
1621 1245 1676 1296 tes·

66 1339 83 1390 a
101 1350 189 1388 ιιιιιιιιι.
212 1331 371 1390 Petilianus'
381 1331 524 1402 episcopus
545 1331 698 1405 recognovi.
718 1331 827 1404 Alypius
878 1327 956 1394 taris,
971 1329 1067 1385 saltem
1081 1329 1132 1386 boc
1147 1329 1246 1388 docere
1256 1338 1285 1388 te
1295 1331 1431 1398 convenit,
1443 1341 1472 1386 ut
1483 1338 1573 1387 utrum
1589 1331 1677 1390 iubae

66 1430 166 1498 iseopus
177 1425 302 1483 Ecclesia
316 1424 455 1482 tetralice
465 1426 541 1481 elisit.
553 1425 594 1482 Τιι
609 1425 712 1482 dixisti.
730 1424 765 1480 Et
775 1425 828 1482 ulia
878 1421 946 1477 tllbe
960 1419 1043 1477 lueril
1053 1422 1104 1479 sub
1119 1421 1165 1479 Dei
1177 1423 1369 1480 testificatione
1384 1423 1519 1494 designes.
1542 1421 1678 1478 Fortass-

66 1537 119 1574 xuu.
135 1518 300 1590 Recognovi.
319 1581 322 1587 Δ
879 1511 965 1567 liunus
978 1515 1113 1585 episcopus
1126 1509 1252 1570 Ecclesia
1264 1515 1400 1571 catlrolicce
1420 1515 1496 1571 aleta
1507 1515 1537 1574 sl
1556 1515 1679 1588 praepes

67 1611 128 1669 108.
153 1609 323 1666 Marcellinus
337 1611 376 1665 sir
390 1610 548 1666 clarissimas
568 1610 685 1666 ultanus
708 1621 731 1666 et
753 1621 828 1667 noto·
879 1605 1030 1662 sublimitas
1053 1616 1110 1675 tua,
1133 1607 1258 1664 Petiliani
1278 1607 1329 1663 viri
1356 1609 1499 1666 clarissimi
1524 1609 1678 1681 prosecutio

66 1721 87 1758 ss
101 1704 176 1759 elisit.
193 1702 221 1760 Si
240 1712 398 1772 vexamen,
414 1709 443 1758 ut
457 1701 591 1769 asseritis,
603 1699 675 1772 qsrod
689 1701 716 1757 in
731 1701 828 1760 itinere
880 1701 1020 1767 recitetur,
1036 1710 1066 1756 ut
1080 1716 1114 1758 ex
1128 1702 1246 1760 lectione
1267 1709 1433 1775 cognoscant
1453 1702 1582 1772 universi,
1595 1717 1677 1775 quatu

66 1797 139 1862 eiecit,
153 1804 262 1852 constat
279 1795 338 1867 ejus
355 1793 582 1864 subscriptionem
594 1792 742 1850 latstssnne
757 1795 826 1850 reci·
842 1792 866 1856 B
880 1807 934 1848 non
948 1807 1014 1850 vere
1028 1809 1100 1850 nunc
1113 1794 1219 1851 dicatur
1232 1811 1294 1852 euru
1308 1794 1484 1865 repedantem
1503 1796 1539 1854 de
1564 1795 1677 1854 Cartba-

66 1899 115 1944 tsm
128 1907 134 1943 ι
149 1889 192 1944 sin
206 1902 272 1944 vero
282 1887 341 1959 ipse
348 1885 519 1960 subscripsit,
531 1900 586 1942 nou
594 1886 680 1957 potuit
691 1887 717 1941 in
730 1885 827 1942 itinere
879 1885 952 1958 gine,
966 1885 994 1941 iu
1003 1886 1100 1945 itinere
1109 1889 1254 1958 deiecisse,
1269 1890 1332 1962 quia
1344 1890 1424 1946 aliter
1433 1905 1496 1948 cum
1511 1890 1572 1962 ejus
1584 1905 1678 1961 prose·

66 1985 165 2054 perire.
184 1981 329 2038 Potitiorum
349 1981 482 2051 meropes
500 1979 576 2035 dicit.
600 1979 659 2036 Non
678 1989 720 2036 est
734 1980 829 2060 liuma-
879 1979 952 2035 cutio
966 1978 1172 2036 demonstravit.
1190 1981 1224 2036 lit
1235 1981 1289 2037 alia
1307 1997 1396 2038 masa.
1410 1982 1577 2055 Recerpnovi.
1600 1982 1679 2040 ilar·

66 2093 97 2132 tm
120 2074 207 2131 mori?
228 2074 286 2130 Non
311 2073 392 2130 etiarn
413 2073 560 2129 morientes
580 2073 748 2129 testamentis
772 2073 828 2128 suis
880 2063 988 2129 collinus
1002 2072 1041 2127 sir
1054 2073 1213 2130 clarissimus
1226 2073 1345 2130 luteum
1365 2075 1606 2132 asommudicit.
1626 2075 1679 2133 Lc-

69 2167 226 2226 bscribunti
243 2167 276 2222 lit
290 2167 343 2222 alia
355 2183 445 2222 mauu.
460 2164 608 2222 Petilianus
625 2167 768 2244 episcopus
784 2181 826 2222 re·
879 2172 957 2234 palor
971 2165 1126 2236 prosecutio
1137 2165 1281 2236 postulata.
1291 2164 1677 2241 Gampaeescoslieelepesetur,

68 2263 157 2334 gnavi.
174 2245 439 2334 Alypius‘episcopas
460 2259 583 2316 Ecclesiae
604 2260 737 2316 castellae
751 2261 827 2316 dicit.
877 2254 1051 2315 'Marcellinus
1070 2261 1110 2316 sir
1127 2260 1287 2317 clarissimus
1305 2261 1423 2317 trilrrcrrus
1435 2269 1460 2317 et
1472 2261 1590 2317 notemus
1601 2260 1677 2316 cista

69 2354 214 2409 emunitatis
226 2351 361 2420 eet'mori,
385 2352 431 2408 sed
448 2351 651 2408 inhumanitatis
665 2361 707 2409 est
721 2352 826 2411 fallere.
881 2349 952 2406 Nihil
967 2352 1034 2408 mihi
1047 2352 1154 2409 videtur
1165 2353 1282 2426 amplius
1294 2355 1328 2410 de
1339 2353 1390 2410 bac
1401 2363 1479 2426 parte
1489 2352 1676 2426 quaerendum,

66 2447 133 2501 relic
146 2463 237 2502 meua.
253 2445 417 2517 Recognovi.
437 2444 581 2501 Potitiorum
593 2447 729 2518 episcopus
752 2448 828 2504 disin
881 2442 932 2499 nisi
947 2452 977 2498 ut
999 2445 1052 2501 sub
1072 2445 1261 2502 testificatione
1273 2444 1364 2501 divina
1377 2455 1466 2502 utrum
1488 2444 1535 2501 irie
1556 2460 1678 2516 presens

66 2555 92 2596 ιιι
105 2549 147 2597 est
168 2539 221 2596 hoc
235 2539 337 2606 tallere,
354 2541 415 2611 quis
430 2540 518 2611 potuit
540 2541 719 2598 revertensiu
734 2542 830 2598 itinere
881 2535 964 2594 luerit
978 2538 1013 2595 de
1031 2555 1084 2610 quo
1098 2539 1197 2610 spitus,
1218 2538 1335 2609 simplici
1349 2537 1520 2609 prolessione
1533 2538 1678 2608 pandatur.

66 2633 113 2688 ori.
126 2634 281 2690 blandulum
296 2633 384 2690 adbuc
394 2633 475 2690 modo
489 2634 602 2701 accipio.
616 2634 682 2693 bico
695 2635 758 2708 quid
771 2650 831 2692 mo·
882 2628 1014 2686 Emeritos
1025 2631 1161 2705 episcopas
1178 2630 1255 2686 liele
1267 2628 1337 2698 Quid
1355 2630 1379 2685 si
1392 2645 1423 2686 se
1435 2629 1505 2686 alios
1519 2644 1569 2701 pro
1583 2629 1680 2688 eodem

66 2736 104 2780 uu
121 2723 155 2780 lit
168 2726 222 2782 clia
239 2742 327 2783 manu.
348 2726 497 2783 Petilianus
511 2729 653 2799 episcopus
674 2729 829 2801 recognovi.
882 2723 1025 2795 apposuit?
1049 2722 1085 2778 Et
1098 2723 1153 2780 elia
1175 2739 1264 2780 mauu.
1285 2721 1421 2780 Emeritos
1441 2720 1586 2796 episcopus
1603 2737 1682 2780 reco-

66 2819 242 2876 ortunutianas
254 2818 521 2894 episcopusEcelesioe
533 2822 832 2878 manutenementum
883 2818 973 2890 puori.
1030 2894 1035 2901 ἐ

66 2920 160 2968 storum
173 2912 232 2968 dies
246 2913 368 2985 prolatus
387 2927 401 2966 a
416 2913 538 2985 partibus
557 2913 694 2981 recitetur,
708 2924 736 2969 ut
750 2929 833 2986 oppa·
919 2907 1137 2965 Marcellt'tltttft
1147 2909 1308 2965 suessanae
1318 2907 1436 2965 mesenes
1447 2915 1471 2964 el
1480 2907 1683 2965 ttltrltlttll'll'l·
1763 2972 1767 2976 ,

67 3012 93 3058 ιι
114 3003 149 3060 de
174 3003 284 3060 nomine
298 3003 429 3071 defuncti,
449 3020 509 3077 quse
524 3020 586 3078 pars
611 3007 637 3061 in
664 3007 832 3070 mendacium
883 2998 922 3056 be
939 3001 990 3058 luoc
1001 3002 1048 3058 bei
1061 3003 1114 3058 erit
1125 3003 1207 3059 etiam
1220 3005 1280 3060 sine
1294 3003 1460 3060 sacramenti
1474 3001 1684 3074 interpositione

66 3096 195 3151 usilierit.
213 3093 247 3149 Et
261 3095 315 3151 elia
325 3112 414 3152 manu.
426 3095 590 3168 Recognori.
613 3096 781 3154 Marcellinus
794 3099 833 3153 eir
884 3097 956 3154 circa
971 3094 1256 3163 ratiocinaremur
1272 3095 1600 3167 persensissemus
1616 3096 1684 3154 reli·

66 3188 196 3244 onesimus
222 3186 340 3244 tubanus
354 3195 378 3243 et
400 3189 516 3244 notarius
535 3188 610 3244 dieis.
627 3189 744 3244 blandati
762 3179 868 3247 dientG
885 3204 937 3261 quta
958 3187 1186 3246 subscribentium
1201 3189 1311 3246 nomina
1331 3188 1498 3262 relegantur.
1511 3188 1683 3247 assecuravit.

66 3279 134 3335 ndat
145 3279 278 3336 ollucium.
291 3279 448 3351 Rufinianus
458 3281 541 3336 serila
555 3279 631 3337 dicit.
642 3281 770 3338 Recitabo
781 3283 834 3340 sic·
884 3278 1091 3348 Quodvultdeus
1115 3278 1261 3351 episcopus
1283 3278 1433 3336 Volitsnus.
1460 3278 1575 3351 (lempse
1596 3296 1685 3338 acces·

77 3371 209 3444 pracepit
225 3371 377 3428 sublimitas
393 3384 437 3428 tua
451 3372 523 3429 diem
546 3375 676 3429 mundati.
693 3371 727 3430 lit
742 3377 834 3430 recite—
884 3374 971 3441 sisset,
985 3373 1053 3428 idem
1068 3374 1143 3429 disis.
1160 3373 1285 3431 blandesi
1299 3383 1326 3431 et
1339 3374 1497 3447 subscripsi.
1514 3373 1686 3432 ltessreeitu·

66 3475 78 3518 l.
94 3465 163 3522 Post
183 3463 352 3522 consulatum
369 3465 483 3522 varanis
501 3466 551 3522 virt
575 3467 719 3524 clarissimi
738 3477 834 3524 octavo
884 3467 931 3520 sir.
944 3466 1066 3522 bonatus
1080 3453 1225 3536 episcopos
1238 3480 1254 3521 a
1267 3465 1355 3523 Turre
1366 3465 1494 3522 Rotunda
1506 3464 1595 3539 (tls).
1609 3466 1687 3523 Cass·

66 3559 168 3616 dendus
181 3557 275 3615 lunias
289 3558 459 3631 Carthagine.
485 3558 590 3615 Etcum
609 3563 737 3629 recitaret,
760 3560 834 3616 ller-
885 3573 934 3629 pue
954 3559 1118 3622 accessisset,
1138 3557 1207 3612 ideas
1227 3557 1302 3613 elisit.
1323 3555 1446 3614 ilandavi
1471 3565 1501 3614 et
1523 3557 1685 3631 subscripsi.

66 3645 1694 3725 mmmmmwmmmwdmmffimmmffimmfflb

66 3737 1688 3816 mmmmmeQMmffimmmwfflfflffimwm

66 3851 140 3900 snus,
156 3836 319 3906 Primanus,
345 3836 432 3904 Felix,
447 3838 578 3904 bonatus,
597 3838 759 3908 Candorius,
781 3839 836 3910 Op-
886 3833 1012 3888 recitauit.
1043 3833 1255 3890 crescentianus
1283 3833 1426 3904 episcopus
1453 3837 1686 3894 immedcrensis.

66 3937 118 3996 lus,
136 3928 314 3996 venetianus,
335 3929 513 3995 Antonianos,
539 3929 718 3996 Victorianus,
734 3929 834 3998 Fortis,
888 3922 1003 3996 Gunmue
1012 3928 1171 3993 accessisset,
1184 3927 1254 3983 west
1262 3927 1341 3982 dicit.
1354 3927 1477 3986 blandesi
1488 3937 1516 3987 et
1525 3931 1686 4002 subscripsi.

83 4021 198 4086 caetcri;
222 4019 368 4086 Primiano,
383 4019 525 4087 Petiliano,
547 4019 680 4090 Emerito,
702 4019 834 4092 Proteum,
888 4017 1090 4078 ltemrccitarir.
1104 4019 1182 4076 Felix
1194 4021 1339 4093 episcopus
1350 4020 1497 4080 Bullensis.
1514 4022 1628 4096 Campus
1640 4041 1688 4082 ac·

66 4123 177 4181 sumno,
193 4111 353 4180 Gaudentio,
377 4110 527 4180 ddeodatu,
540 4115 710 4185 coepiscopis
735 4116 836 4172 nostris
887 4115 1020 4184 cessisset,
1036 4114 1105 4172 idem
1118 4114 1195 4170 elisit.
1211 4113 1336 4172 blandesi
1350 4123 1378 4171 et
1390 4115 1550 4188 subscripsi.
1565 4117 1634 4174 lteur
1647 4135 1690 4176 se·

66 4215 187 4262 acuentes
198 4203 376 4275 presentibus
389 4204 515 4260 salutem.
530 4201 563 4258 lit
574 4205 770 4274 cumrecitaret,
783 4207 838 4261 da·
888 4207 985 4262 citauit.
998 4206 1163 4265 Cresconius
1174 4207 1318 4280 episcopus
1331 4205 1494 4264 acibaiiana
1508 4207 1596 4280 (111).
1610 4207 1689 4266 Cum·

66 4298 114 4352 lius
132 4296 269 4369 episcopas
284 4294 406 4352 Ecclesia
418 4295 553 4352 catholicoe
574 4295 649 4352 diail.
674 4294 836 4354 iamdudum
888 4315 937 4370 pue
955 4301 1119 4368 accessisset,
1141 4300 1211 4356 idem
1234 4301 1310 4356 dicit.
1334 4299 1457 4358 blandari
1476 4310 1505 4359 ct
1524 4302 1687 4378 subscripsi.

66 4405 92 4446 so
119 4387 293 4458 subscripsit.
321 4387 400 4445 blodo
423 4387 492 4444 dixit
517 4386 639 4446 Clericus
666 4389 837 4460 subscripsit,
889 4390 956 4448 item
990 4394 1115 4448 recitavit.
1155 4392 1247 4451 iurata
1280 4393 1424 4478 episcopup
1458 4409 1474 4450 s
1513 4393 1690 4454 Turre-Tu·

66 4480 118 4536 udo
139 4479 296 4551 episcopus.
319 4477 354 4534 lit
365 4495 424 4536 euna
437 4480 543 4549 diceret,
563 4479 599 4552 (et
612 4481 666 4536 alia
679 4495 769 4536 mauu.
784 4480 839 4538 Re-
890 4486 1072 4542 mallumcosi.
1087 4484 1454 4556 damnosissimum
1474 4486 1551 4545 dicit.
1566 4487 1690 4546 llandari

67 4571 181 4645 gnavi.)
195 4570 362 4629 llmmliinvs
374 4574 413 4628 sir
426 4573 584 4630 curtulum
594 4573 712 4630 ιη’θιιιιιιι
725 4584 750 4630 el
762 4585 838 4630 aota-
850 4572 878 4635 Ι)
889 4589 917 4636 et
930 4578 1091 4648 subscripsi.
1103 4574 1172 4632 lteris
1183 4577 1311 4633 renuat.
1325 4576 1461 4634 Liberalis
1472 4579 1619 4652 episcopus
1638 4582 1691 4640 tlt·

66 4685 88 4722 rs
107 4668 189 4722 dixit.
211 4666 368 4736 ddvertitis,
390 4676 538 4740 presentes
557 4669 638 4742 287
657 4669 838 4742 presentibus
890 4669 1014 4727 lidieusls
1029 4667 1118 4742 (111).
1132 4666 1246 4739 Campus
1258 4667 1422 4735 ιιιιιιιίιιιι,
1434 4667 1505 4724 ilem
1522 4669 1600 4727 dicit.
1615 4669 1691 4728 ilan-

66 4759 187 4830 :rapeudi
209 4759 309 4832 negotii
322 4759 430 4818 dedisse
442 4759 609 4818 mandatum.
625 4761 767 4828 Quomodo
789 4761 839 4836 ipi-
889 4765 993 4822 deviet
1010 4762 1168 4835 subscripsi.
1185 4760 1253 4819 leem
1269 4761 1395 4818 redtasit.
1414 4763 1533 4823 bonatus
1545 4766 1692 4838 episcopus
1768 4749 1777 4764 ’

66 4855 141 4910 risio
154 4854 201 4924 qui
215 4867 335 4924 praesens
348 4854 376 4910 in
389 4854 516 4911 hacurbe
528 4869 558 4912 se
572 4855 643 4912 iuter
656 4856 839 4912 oeterossiue
889 4857 1088 4929 Auaagesensis
1102 4855 1191 4930 (tis).
1206 4854 1322 4930 Cumque
1336 4860 1500 4926 mceesissst,
1521 4860 1591 4914 ilem
1611 4860 1690 4919 dicit.

66 4945 120 5000 risio
137 4941 282 5001 mandasse
297 4944 435 5014 protessus
447 4953 490 5002 est
500 4953 528 5002 et
538 4943 564 5001 in
576 4945 782 5004 itineredicitur
792 4946 840 5004 de-
891 4948 1015 5006 blundavi
1025 4955 1054 5005 et
1063 4947 1223 5018 subscripsi.
1233 4946 1300 5004 Item
1310 4951 1435 5007 salnes.
1442 4951 1538 5009 tiens
1547 4951 1692 5027 episeopus

66 5039 149 5105 cisse,
166 5046 194 5094 et
209 5037 237 5094 in
251 5036 301 5094 bac
312 5039 378 5098 urbe
391 5038 585 5110 subscripsisse
603 5039 841 5097 mandatottteo-
890 5038 1094 5112 Villarepensis.
1115 5036 1230 5112 Caespes
1250 5041 1415 5107 caumas,
1436 5042 1505 5099 idern
1524 5043 1600 5101 dela
1617 5045 1692 5102 Man·

66 5138 115 5185 :tus
128 5131 267 5204 episcopus
280 5132 355 5188 alsia
371 5131 438 5190 Octo
452 5131 510 5189 dies
519 5133 622 5189 emensi
636 5142 709 5202 suut,
725 5143 755 5190 ut
765 5149 842 5191 ruan-
891 5131 953 5190 davi
973 5141 1002 5190 et
1015 5131 1175 5204 subscripsi.
1189 5131 1257 5189 Item
1270 5135 1397 5192 recitavit.
1415 5135 1536 5196 bonatus
1549 5138 1692 5212 episcopus
1722 5199 1726 5206 ,

71 5293 155 5368 (118)
178 5297 262 5366 Quasi
281 5297 358 5353 lsodie
368 5311 421 5354 nou
435 5313 501 5352 tanus
513 5295 616 5368 defecit.
631 5295 763 5354 Nimirum
779 5297 839 5354 lde·
929 5299 1005 5374 (111)
1025 5301 1048 5356 ,1
1062 5301 1206 5360 cibaliana.
1219 5301 1343 5362 Concilio
1352 5305 1452 5362 Cartha
1473 5305 1559 5362 inensi
1574 5305 1690 5378 tubCy·

66 5368 204 5425 ustulasses
217 5369 395 5441 Benuefensis,
411 5383 504 5440 supra,
519 5383 579 5451 cap.
596 5369 648 5425 tas
662 5378 690 5423 et
704 5367 767 5426 198.
910 5372 987 5428 riano
1000 5371 1124 5430 interluit
1136 5322 1691 5448 besuusscitatione.bo1usprostncra

72 5438 159 5510 (stu)
179 5437 262 5494 Terre
275 5439 395 5496 rotunde.
410 5438 525 5495 Ptolem.
539 5439 587 5495 bb.
604 5454 642 5508 rr,
654 5454 679 5500 c.
691 5439 719 5505 1,
732 5439 842 5497 lielen-
904 5442 982 5512 uerit,
1000 5441 1146 5501 incertum.
1158 5445 1243 5502 Forte
1254 5446 1324 5502 idern
1338 5461 1401 5501 cum
1411 5446 1592 5503 Seieriascsrsi
1607 5445 1691 5518 Byrs-

66 5510 191 5564 emissent
211 5509 284 5565 iuter
303 5509 400 5580 oppida
415 5507 565 5576 Numidiae,
581 5526 660 5576 uuam
682 5524 743 5566 cum
758 5510 841 5568 Turre
891 5528 982 5578 eene,
1003 5515 1037 5572 dc
1054 5531 1108 5588 qua
1119 5517 1226 5572 notitia.
1241 5516 1333 5572 Adluit
1353 5517 1470 5575 concilio
1484 5517 1582 5574 Cartha
1602 5517 1691 5573 luensl

67 5581 157 5634 tscsrde
169 5580 317 5636 cosrvcnire
327 5595 407 5650 posse
420 5581 573 5650 suspicatur
582 5581 717 5637 baluzius.
893 5587 945 5642 sub
953 5585 1101 5655 Bonilacio,
1110 5586 1277 5642 Consentius
1289 5588 1427 5658 episcopas
1439 5589 1565 5645 Ecclesiae
1657 5589 1692 5644 li·

73 5649 159 5722 (esst)
179 5649 379 5706 seteudeteusls.
402 5650 474 5705 tuter
495 5651 636 5722 episcopos
658 5654 703 5723 qui
723 5653 840 5710 concilio
893 5666 971 5720 tane,
986 5672 1077 5714 annon
1091 5657 1212 5729 eiusdem
1228 5658 1301 5714 sedis
1313 5670 1374 5712 cuns
1388 5657 1471 5716 istisl

66 5721 254 5792 ursuugioensi
269 5720 332 5776 anni
344 5721 397 5776 515
413 5719 594 5779 interfuerunt
615 5722 772 5781 nominatur
786 5721 839 5780 Fe·
929 5727 1005 5800 (111)
1026 5728 1191 5782 ililidlcusls.
1207 5727 1290 5798 Curius
1305 5726 1453 5798 provinciae
1472 5730 1524 5798 sit,
1541 5732 1688 5790 incertum.

66 5793 330 5862 :issimesepiscopas
343 5791 500 5894 smolensis.
929 5797 1007 5871 (115)
1026 5799 1221 5873 eompassus.
1242 5799 1271 5858 lu
1289 5797 1429 5872 provincia
1449 5800 1589 5878 eumaem
1607 5803 1688 5864 neit.
