3950 6317
77 324 130 386 pne
466 319 511 377 lili
531 317 726 380 scmsttstn
744 317 1018 384 nbndmtdettet
1037 325 1139 388 blliEll
1158 329 1296 392 PRIMUS.
1674 338 1729 398 ild

85 451 134 498 tem
146 434 238 510 ¹(tb),
250 436 366 496 latentes
374 435 475 495 dimisit
484 437 584 496 illesos
595 438 665 512 (tt).
676 439 746 510 ertd
756 453 876 497 eemroe-
889 454 914 515 g
926 441 1031 514 gnitate
1045 445 1148 504 sedrrlti
1158 445 1172 488 ι
1181 448 1194 502 ι
1204 450 1262 522 (tit
1272 447 1336 524 qeld
1347 449 1485 510 ministres
1498 453 1647 525 perimes?
1662 458 1731 529 errid

84 545 178 588 merem
193 529 292 600 latres,
306 532 353 603 gai
367 539 431 588 trane
443 531 471 588 in
484 530 606 590 Ecclesia
620 533 692 590 nella
711 533 820 592 lesnes
836 532 880 591 di·
932 533 992 608 (ιδ)
1016 535 1144 598 diacones
1160 541 1212 616 η
1224 544 1251 600 in
1273 543 1443 620 tertie.(li)l
1464 547 1529 618 aeid
1554 550 1733 624 presbyteres

691 671 885 732 tecetortlts
901 670 1111 736 vestientes.

113 770 126 802 ⁸
140 765 299 819 ltain.8.
312 763 829 834 tt.1eattts,paaertapreetraetttarrerte.
958 771 974 812 b
990 769 1198 828 erectiones.
1213 773 1242 828 G.

746 889 925 953 tsntbbtttt
942 891 1060 952 ΝΟΜ.

117 1011 172 1089 (titi
190 1009 338 1066 Nonnullae
350 1013 480 1096 [anesten
497 1007 674 1082 prosternitis
689 1018 807 1062 nrortenr.
822 1005 875 1076 Qui
927 1007 989 1063 illes
1001 1008 1162 1092 nominare.
1188 1008 1261 1066 ldem
1287 1011 1404 1073 tortasse
1428 1026 1591 1078 eetereretn
1616 1039 1727 1098 quoque

84 1084 217 1142 terrueritis
239 1091 359 1152 superae
379 1081 422 1136 rel
437 1081 573 1136 Christum
588 1089 732 1148 inegerunt,
755 1077 797 1135 rel
812 1081 875 1137 tiras
926 1091 1107 1143 memnerent
1130 1082 1265 1140 iriterdem
1281 1099 1359 1142 :nnn
1382 1101 1467 1157 nego;
1493 1091 1620 1151 amittant
1633 1105 1728 1158 tannen

86 1160 159 1218 idolis
171 1156 360 1222 adoleverant,
374 1151 418 1208 rel
433 1153 611 1211 instrumenta
626 1150 724 1207 dirime
739 1149 807 1222 legis
820 1161 875 1206 tra·
927 1154 1038 1225 sepius,
1055 1169 1116 1208 enm
1132 1154 1284 1226 episcopos,
1319 1156 1474 1230 resbytcres
1494 1171 1521 1217 et
1533 1163 1661 1222 diacones
1676 1185 1727 1226 ne-

85 1231 223 1288 gggefugrg
239 1227 256 1281 ῑῑ
272 1242 333 1281 aare
349 1224 460 1296 mertui,
480 1232 508 1280 et
522 1221 626 1279 lenesta
645 1231 732 1277 morte
743 1221 873 1292 prostrati
926 1225 1040 1278 minant.
1057 1222 1143 1280 lmme
1157 1241 1221 1281 eene
1240 1227 1274 1281 ite
1295 1171 1345 1282 des
1359 1229 1509 1299 iteruinnnt,
1524 1249 1556 1288 ec
1582 1248 1728 1297 recensent

84 1303 133 1360 ilici
149 1307 268 1370 possunt.
284 1299 322 1353 lte
336 1297 396 1352 Pera.
925 1295 1038 1368 llienys.
1053 1296 1088 1352 de
1103 1295 1177 1354 llier.
1198 1298 1265 1354 secl.
1280 1313 1341 1369 enp.
1362 1301 1389 1364 i,
1405 1301 1514 1358 llieroe.
1532 1307 1558 1360 in
1577 1308 1622 1363 Es.
1638 1325 1663 1365 c.
1680 1313 1726 1381 ts,

89 1407 95 1412 -
119 1373 174 1444 (ιι)
186 1370 305 1438 meantes
318 1368 417 1438 aterne
430 1367 537 1429 illatas.
547 1365 599 1438 Qtti
611 1364 725 1434 seilicet,
739 1364 815 1438 laga,
829 1364 873 1422 rel
930 1377 958 1424 et
970 1370 1040 1424 alies
1054 1383 1108 1427 nen
1124 1378 1179 1426 tarn
1193 1373 1343 1440 preterire.
1358 1388 1440 1442 neam
1455 1389 1508 1432 non
1522 1391 1667 1447 agnoscere
1687 1383 1727 1440 gt.

84 1445 189 1502 latebris
202 1433 351 1514 perieulum
365 1439 546 1495 declinarent.
567 1437 607 1493 lio
622 1435 678 1492 err.
929 1434 1055 1494 deantur.
1068 1440 1172 1509 Quibus
1187 1452 1213 1496 ut
1226 1439 1387 1512 respoudeat
1402 1445 1492 1516 ntegni
1505 1447 1543 1503 tir
1555 1451 1681 1520 netrtiuis,
1697 1456 1727 1512 in

117 1515 173 1590 (iii
186 1513 254 1583 Quid
265 1513 396 1568 mirriatrer
410 1509 626 1582 plrrrimerlaaid
646 1509 770 1564 ducenos
781 1509 808 1563 ba
822 1518 878 1564 ter·
928 1523 1053 1566 centres.
1071 1523 1228 1574 tereueatur
1249 1515 1306 1585 ipse
1320 1515 1416 1586 magis,
1432 1531 1466 1572 an
1485 1533 1533 1574 eos
1546 1532 1670 1593 torquear
1684 1526 1727 1582 in.

85 1592 187 1652 sinete.
199 1586 305 1650 Nasone
321 1583 464 1654 bosamen
477 1581 597 1643 insolens
611 1591 665 1648 est,
680 1597 713 1637 ac
726 1590 820 1640 nostre
835 1582 878 1638 in·
928 1593 1045 1639 eertum.
1062 1585 1100 1640 Ae
1120 1582 1276 1657 bienysium
1289 1585 1411 1656 quidem,
1435 1603 1489 1646 eree
1510 1593 1619 1651 ordiner
1639 1597 1728 1655 acute.

84 1658 172 1732 primis
184 1656 376 1714 observatione
389 1655 513 1725 digerere,
523 1653 595 1726 grtod
610 1654 725 1722 llptetus
737 1652 783 1708 lrie
794 1653 877 1710 etiam
928 1655 1066 1721 sterticen,
1081 1655 1129 1712 sed
1143 1655 1329 1725 hierarchias;
1351 1659 1545 1732 Hieronymum
1564 1673 1654 1722 eutem
1674 1685 1727 1726 nee

75 1735 207 1788 diacones
219 1743 299 1785 sacro
311 1726 464 1784 sacerdotio
474 1723 688 1796 conprehendit.
701 1725 774 1781 sane
786 1739 878 1780 sarer·
928 1725 1016 1795 ipsunt
1037 1727 1210 1796 elerieentm,
1225 1729 1272 1784 sed
1295 1727 1508 1799 Christianorum
1529 1735 1637 1796 ordines
1653 1755 1727 1814 ρης.

83 1804 152 1860 detis
163 1815 333 1858 communem
347 1797 514 1870 presbyteris
526 1805 555 1854 et
568 1790 704 1867 episeopis
716 1796 787 1867 apud
801 1805 876 1852 rete·
928 1799 1002 1852 dicte
1015 1799 1074 1854 lece
1089 1815 1232 1856 recensere
1255 1809 1284 1857 et
1297 1805 1436 1873 preposito
1456 1819 1515 1868 site,
1536 1823 1567 1863 ee
1583 1824 1726 1869 enomere.

82 1893 124 1932 res
141 1873 359 1944 appellationem,
373 1881 402 1927 et
423 1869 580 1925 sacerdotes
594 1883 643 1938 pro
662 1868 816 1938 episeopis3
836 1881 876 1922 sa·
891 1869 916 1938 B
929 1869 1002 1942 tiene
1024 1871 1171 1939 inseruire,
1194 1875 1419 1930 comminiscitur.
1443 1875 1496 1932 Sed
1521 1889 1551 1934 ut
1566 1881 1600 1938 de
1620 1885 1725 1954 reipsa

82 1948 225 2003 eerdetium
240 1955 330 2000 antem
352 1957 402 2015 pre
415 1941 584 2026 episcopatu,
601 1938 637 1997 ab
655 1940 709 1995 illis
724 1937 795 1994 lraed
811 1955 874 1995 rere
928 1941 996 1996 nibil
1009 1939 1109 2008 dicem,
1131 1959 1219 2014 tregue
1233 1959 1295 1999 eunt
1317 1945 1420 2003 Thema
1441 1947 1575 2017 Aquinate
1593 1964 1622 2010 et
1643 1955 1726 2012 Petro

82 2020 142 2083 diei,
154 2035 208 2074 non
222 2023 312 2088 petest
323 2016 458 2088 ignom,
473 2027 519 2082 aar
533 2021 641 2068 veteres
651 2010 808 2082 scriptores,
830 2012 872 2068 rel
925 2012 1089 2082 bernbardo,
1103 2016 1148 2085 nni
1161 2018 1325 2072 eerrtrariere
1340 2017 1420 2086 plane
1436 2026 1555 2086 tuentur,
1573 2038 1634 2082 enm
1650 2043 1725 2084 cem.

81 2093 205 2159 aprime,
219 2089 291 2158 gned
304 2087 391 2153 aient,
410 2087 503 2140 limine
521 2083 665 2140 salutarit:
677 2083 750 2138 eride
766 2081 874 2147 deant-
925 2085 1031 2141 mittam
1044 2102 1051 2150 ;
1066 2093 1093 2140 et
1116 2083 1236 2156 Agerinus
1251 2087 1359 2158 guidem
1375 2088 1426 2146 ltee
1447 2091 1506 2162 ipso
1527 2095 1656 2155 liieursie
1671 2102 1724 2156 ire-

82 2165 136 2218 tine
157 2162 300 2216 concilium
316 2159 363 2224 ib,
386 2156 558 2214 sacerdotum
577 2155 680 2210 dietum
702 2155 821 2210 alieubi:
845 2162 875 2211 et
925 2167 978 2218 tes.
995 2158 1128 2228 supplem.
1145 2165 1240 2228 uuest.
1264 2159 1310 2224 et,
1326 2159 1360 2216 ad
1379 2161 1409 2228 2,
1426 2169 1493 2230 ete,
1510 2158 1608 2236 prasini
1623 2169 1726 2244 Diony.

79 2235 147 2304 apud
162 2234 232 2292 ilie-t.
249 2231 319 2288 lltie.
335 2232 369 2286 de
382 2238 515 2300 pertenet.
535 2226 622 2282 land.
637 2227 872 2283 carmenrtaate·
924 2230 995 2285 rium
1009 2241 1037 2284 et
1056 2230 1259 2312 Hieronymum,
1283 2233 1321 2287 sie
1344 2233 1489 2302 tegerentur
1504 2247 1531 2294 et
1551 2239 1607 2306 alii,
1623 2242 1722 2312 qriibbs

80 2323 135 2360 rana
152 2307 325 2367 meardenae,
340 2303 367 2359 in
388 2301 478 2356 edicte
494 2298 642 2356 lirrnneriei
657 2298 704 2354 lib.
719 2313 760 2354 m.
776 2297 804 2352 le
817 2313 873 2368 egee
925 2303 1068 2372 responsio
1082 2301 1125 2356 ille
1142 2303 1190 2356 nri
1211 2300 1283 2358 deeti
1306 2305 1394 2374 aptari
1409 2308 1520 2364 minine
1536 2319 1633 2380 petest.
1650 2313 1723 2370 luter

81 2395 142 2432 sane
154 2377 196 2430 vei
210 2390 264 2430 ouo
280 2374 390 2430 Victore
406 2373 519 2441 singulis
532 2385 617 2442 prope
638 2371 744 2440 paginis
758 2371 873 2440 turpiter
922 2374 993 2428 alies
1007 2374 1089 2430 etiem
1101 2381 1202 2439 trrtster,
1219 2375 1266 2428 tte.
1283 2391 1311 2440 tt,
1324 2376 1395 2432 eirea
1411 2376 1492 2435 ilrrem
1507 2397 1513 2434 :
1527 2385 1660 2450 camalet,
1683 2387 1724 2440 in-

80 2450 215 2519 irnpingat,
230 2447 277 2516 gei
290 2444 458 2502 sacerdotem
480 2459 528 2511 pro
548 2443 689 2511 episeopo,
703 2449 732 2497 et
745 2441 872 2497 sacerde-
923 2445 992 2513 qeit,
1017 2447 1043 2498 in
1066 2443 1184 2501 lienteria
1195 2456 1305 2516 quattor
1324 2463 1418 2518 genera
1437 2453 1550 2519 capitana
1563 2471 1572 2518 ,·
1586 2457 1723 2528 episeopo·

80 2524 143 2576 tium
156 2537 206 2591 pre
225 2521 381 2590 episcopatu
394 2516 430 2570 ab
453 2516 500 2569 ille
513 2515 567 2570 diei
585 2528 640 2568 noe
657 2511 868 2568 animadvertat.
923 2531 993 2582 ram,
1009 2515 1224 2588 praepter-arara,
1238 2517 1405 2574 diaconorum
1424 2531 1448 2576 et
1462 2523 1588 2591 tinellam,
1603 2539 1656 2584 ete.
1678 2531 1724 2584 ιῃ.

78 2591 175 2649 Contra
190 2601 279 2646 eutem
292 2592 436 2659 episeopus
456 2601 504 2657 pro
515 2584 686 2658 presbytero,
700 2584 734 2640 ab
752 2583 873 2654 antiquis
924 2589 1004 2641 terim
1031 2595 1120 2642 tamen
1145 2588 1217 2659 qerid
1244 2589 1338 2658 probet
1362 2590 1553 2660 Bellarminus,
1576 2613 1724 2660 commune

77 2663 220 2736 aliquande
230 2662 346 2734 positam
358 2675 430 2724 esse,
442 2673 604 2729 quamquam
618 2656 646 2711 id
659 2657 746 2712 rnrirts
758 2675 772 2708 a
784 2656 872 2711 doetia
923 2673 985 2719 eene
1001 2659 1135 2728 episeopis
1149 2666 1177 2714 et
1197 2660 1372 2734 presbyteria.
1394 2662 1516 2721 diaconis
1531 2681 1639 2740 queque
1651 2673 1724 2742 regi-

77 2738 248 2792 observatem
269 2743 321 2789 est.
345 2732 413 2788 lline
435 2732 468 2786 art
491 2729 639 2785 discrimen
663 2739 739 2782 aetus
764 2727 810 2782 iila
832 2728 872 2782 le-
927 2745 990 2786 men
1006 2729 1134 2786 Ecclesiae
1157 2729 1255 2800 luisse3
1276 2746 1378 2804 eosque
1400 2743 1429 2790 nt
1444 2739 1605 2808 prepositos
1621 2741 1649 2796 in
1674 2743 1723 2800 lte-

77 2808 173 2879 gecndi
190 2806 305 2863 lerninis
319 2804 447 2868 manarit,
467 2809 499 2858 ut
513 2801 592 2872 primi
607 2800 711 2855 ordinis
731 2799 871 2864 sacerdes,
924 2817 991 2857 nere
1007 2803 1122 2864 habites,
1144 2816 1205 2857 curn
1221 2802 1318 2873 reliqui
1341 2805 1433 2862 elerici
1460 2815 1563 2865 tentem
1586 2813 1723 2872 ministre-

77 2896 125 2952 pre
135 2881 265 2950 episeopo
276 2877 383 2933 dicatur
392 2876 554 2945 alienantem
568 2873 681 2929 merendi
692 2881 783 2927 autern
797 2869 872 2926 ordi-
923 2883 1003 2941 rsrrt;
1021 2875 1064 2930 rel
1086 2873 1148 2930 inde
1168 2875 1325 2948 perspicies,
1340 2889 1441 2948 trireme
1466 2881 1577 2951 maioris
1599 2881 1663 2940 elim
1677 2887 1722 2942 di·

77 2953 117 3007 uis
127 2956 186 3008 site
197 2950 305 3022 grades,
321 2947 449 3004 sacerdos
462 2945 533 3001 idern
547 2945 595 3009 eit,
611 2943 748 3014 geirulge
758 2942 872 3014 presby·
922 2947 1033 3016 gnitetis
1049 2955 1074 3000 et
1085 2948 1251 3002 auctoritatis
1265 2947 1333 3002 orde
1349 2949 1533 3024 taurinenrem
1551 2966 1643 3024 pestes
1658 2956 1718 3028 luit,

77 3033 126 3078 ter.
143 3026 247 3090 [tenna
260 3019 387 3090 leqnendi
402 3015 520 3072 lerrnole
535 3017 618 3072 multa
633 3016 806 3070 doctissimos
822 3013 872 3070 sa-
923 3031 1013 3088 neque
1027 3017 1129 3088 absque
1148 3019 1253 3074 ratione
1268 3017 1367 3076 tactnrr
1384 3037 1455 3090 esse,
1481 3034 1510 3079 et
1524 3041 1586 3082 eum
1608 3038 1721 3084 eetero-

77 3112 140 3150 aare
152 3099 186 3151 ad
201 3094 340 3150 Sidotrienr
357 3091 443 3161 ripoll.
459 3105 511 3146 non
527 3103 582 3143 titre
602 3087 673 3147 lose.
691 3086 743 3142 see
760 3087 870 3149 mtrem,
922 3103 983 3146 rum
1000 3089 1072 3145 nelle
1096 3089 1207 3144 omnine
1221 3091 1289 3144 ratio
1304 3091 1466 3162 heboreiam
1481 3099 1655 3169 eetgeeerati
1670 3101 1720 3158 ms.

76 3183 135 3222 enm
161 3169 202 3223 air
223 3165 268 3222 ille
291 3161 499 3222 eruditissimos.
524 3159 587 3230 boe,
604 3161 674 3214 inter
697 3159 762 3225 alia,
779 3157 870 3224 (letati
923 3159 1070 3216 nistrarem
1095 3161 1285 3230 appetitione,
1308 3167 1403 3234 etlam
1423 3167 1550 3232 diximus,
1574 3172 1719 3230 concludo-

77 3240 232 3294 testimonio
255 3251 331 3292 suern
347 3235 519 3297 seeterrtiern,
541 3232 577 3288 de
597 3230 698 3300 duplici
719 3227 907 3325 secerdotiec
923 3243 1018 3287 rentur
1033 3249 1039 3288 :
1054 3232 1103 3288 seli
1117 3229 1223 3287 diaconii
1247 3233 1323 3304 euasi
1347 3231 1469 3306 ejusdem
1484 3239 1623 3310 dignitatis
1638 3245 1719 3312 parti·

76 3311 228 3376 eerrirmet,
245 3319 274 3367 et
284 3308 343 3378 eins
357 3307 437 3362 rerba
454 3305 556 3370 laedet,
571 3302 643 3374 egued
657 3303 692 3355 de
705 3304 786 3356 tertio
802 3315 869 3372 ‹gere-
922 3304 1007 3375 cipes,
1023 3319 1084 3359 enm
1096 3303 1350 3366 sacerdotibussire
1362 3308 1497 3379 episeopis
1511 3321 1539 3366 et
1553 3315 1720 3384 presbyteria

76 3397 129 3450 otte
148 3379 293 3438 sacerdotii
303 3379 401 3450 gradu,
422 3379 466 3434 liic
481 3377 581 3432 ibidem
599 3376 723 3444 tlptetes,
738 3373 814 3427 ilium
829 3383 870 3427 te·
921 3375 1160 3448 conjungeremur.
1175 3375 1216 3430 Ad
1231 3392 1261 3430 ea
1274 3393 1334 3448 grite
1348 3378 1526 3437 bellarminus
1546 3384 1635 3451 ellert,
1647 3386 1718 3446 eddo

75 3469 139 3510 cere
152 3471 186 3508 ae
198 3453 273 3524 rgeasi
286 3453 411 3508 emunito
426 3450 574 3517 preterire,
589 3461 624 3502 ne
633 3445 775 3500 sententiae
786 3459 869 3514 gnam
920 3447 1053 3518 insignem
1070 3447 1189 3514 Eusebil,
1212 3459 1257 3502 eut
1282 3449 1370 3517 petius
1391 3453 1561 3509 deterreamini
1585 3456 1673 3512 locem
1690 3461 1717 3518 iu

77 3526 183 3581 volebat
193 3523 415 3582 inoernmodarst.
428 3521 483 3576 Sed
492 3527 587 3575 ιιιιιιιι
602 3518 730 3587 antiques
739 3530 868 3582 meones,
921 3519 1042 3589 epist.ed
1057 3519 1202 3574 Eusebium
1216 3520 1276 3573 vitre
1287 3521 1341 3582 lu.
1354 3522 1398 3578 ubi
1412 3529 1718 3602 erprerapbarrlerrai-

75 3599 119 3665 gei
132 3608 228 3654 exerte
240 3596 371 3651 dneenes
382 3592 417 3648 ad
430 3591 608 3648 ministerium
625 3603 679 3645 neu
693 3588 727 3642 ad
742 3587 870 3643 saeerne-
919 3611 979 3652 ποις
993 3599 1020 3646 et
1035 3590 1222 3671 πρισὸυτιριις
1237 3591 1379 3658 trecenos.
1397 3604 1425 3650 ιιι
1438 3596 1560 3668 eiusdem
1580 3599 1662 3656 sertia
1684 3617 1717 3658 ae

76 3671 141 3723 bena
154 3667 292 3731 ordinari3
306 3681 356 3722 nee
370 3666 461 3733 plnres
475 3677 556 3734 quarm
569 3665 638 3717 dares
651 3658 714 3714 illes
728 3658 869 3730 presbyte·
921 3661 1086 3717 eorrditienis
1103 3662 1244 3732 adjetuetes
1256 3673 1284 3718 et
1298 3677 1489 3723 errrtemerates
1504 3671 1606 3726 vineas.
1627 3671 1717 3730 Etiam

75 3751 151 3795 ratas
170 3751 201 3795 et
218 3740 399 3810 episcopatus,
420 3734 564 3790 sacerdotii
587 3733 698 3786 ordines
718 3745 781 3786 esse
805 3745 869 3784 san-
919 3731 1098 3804 dagestinns‚
1118 3734 1152 3788 nd
1176 3733 1320 3801 Valerium,
1338 3737 1548 3808 spissantem,
1565 3743 1599 3798 de
1619 3745 1718 3803 merite

75 3811 161 3878 cient,
178 3824 309 3880 umerique
321 3807 448 3879 logrtendi
462 3821 478 3860 a
492 3805 628 3861 ueteribus
643 3813 799 3872 receptum:
813 3817 867 3856 nou
919 3821 1003 3877 agetis
1020 3811 1048 3860 et
1064 3807 1247 3876 iirecellentie
1261 3807 1439 3864 sacerdotalis
1460 3815 1592 3880 muneris,
1609 3817 1716 3886 episce-

74 3891 117 3939 cst
131 3883 205 3952 ιιιιοιι
216 3897 285 3939 noes
299 3890 346 3936 eet
364 3880 432 3937 alter
443 3879 531 3941 loeus,
547 3877 635 3945 riualis
650 3873 693 3930 liic
707 3873 795 3942 Optati
814 3883 866 3940 est,
920 3879 963 3946 pis
972 3884 1002 3932 et
1014 3879 1190 3950 presbyteris,
1203 3879 1284 3933 etiarn
1296 3879 1426 3936 diacones
1439 3891 1564 3954 terronam
1579 3888 1713 3957 ejusdem,

75 3954 119 4010 tibi
133 3954 278 4010 sacerdotii
288 3952 368 4010 latior
378 3951 510 4019 emptio,
525 3947 677 4004 molestiam
689 3947 766 4000 rrotiis
781 3945 869 4002 lacre-
919 3957 967 4004 eut
980 3963 1034 4004 neri
1045 3950 1185 4004 dissimilis
1197 3950 1361 4008 eunditienis
1379 3953 1519 4026 edirrngit;
1536 3967 1563 4011 et
1577 3957 1715 4034 illerouy·

73 4034 147 4083 sant.
162 4029 198 4082 dt
209 4027 237 4082 in
253 4025 315 4095 jere
333 4024 466 4078 carerent
479 4037 533 4075 nee
556 4034 658 4082 rorent,
672 4028 702 4074 at
721 4017 868 4072 sacerdotii
920 4035 983 4075 neris
998 4023 1042 4076 ubi
1057 4037 1104 4076 etta
1124 4024 1290 4092 presbyteris
1303 4027 1456 4081 sacerdotio
1470 4028 1590 4085 nrinores
1601 4041 1717 4088 eonten-

74 4098 234 4168 appellatie,
246 4097 280 4152 ed
295 4109 392 4151 omnes
403 4093 432 4150 ie
445 4093 531 4149 meris
541 4092 582 4163 (at
591 4092 671 4160 reigo
685 4087 867 4159 distinguenti
919 4093 971 4157 dit,
983 4093 1066 4148 lucris
1081 4103 1168 4147 mitten
1181 4104 1207 4148 et
1216 4095 1356 4164 dignirete.
1370 4096 1463 4152 Rernee
1474 4099 1570 4156 saltem
1584 4103 1714 4174 teniores,

74 4171 217 4225 ordinibus
235 4169 396 4224 erinstitetes
411 4163 582 4227 extendatur,
597 4176 650 4233 gea
666 4163 772 4216 reticere
786 4164 868 4214 etiam
921 4165 1075 4235 indignatur
1091 4164 1137 4219 ille
1162 4165 1282 4240 quidem,
1306 4165 1354 4222 sed
1378 4171 1501 4240 ogrtttseit
1521 4181 1620 4230 tamen.
1647 4175 1716 4234 ilino

76 4240 260 4299 seltdiaeenos
280 4237 401 4296 includit.
413 4237 452 4292 lte
464 4237 528 4290 dist.
544 4235 589 4297 51.
600 4249 662 4291 wtt·
675 4235 708 4288 ll
725 4249 731 4286 τ
748 4232 829 4289 Aliter
842 4247 869 4286 ts
920 4238 1003 4291 etiam
1016 4236 1080 4292 illud
1093 4235 1218 4308 colliges,
1232 4239 1303 4308 qued
1320 4241 1399 4296 toties
1412 4244 1560 4300 canonibus
1573 4259 1604 4300 ee
1617 4261 1715 4304 censu·

76 4311 250 4367 Orientalium
270 4311 374 4366 traditio
394 4307 468 4362 babet
489 4305 672 4370 ecclesiaram,
695 4305 769 4359 aliter
789 4306 869 4376 trajan
921 4308 959 4363 ris
970 4319 1065 4363 eorrtre
1080 4307 1140 4362 illes
1152 4323 1220 4379 opus
1232 4310 1322 4377 bresit,
1336 4327 1397 4380 urire
1413 4314 1611 4385 superbientes,
1628 4333 1659 4374 ee
1673 4335 1718 4376 stt·

74 4383 107 4441 S.
119 4382 156 4442 ll.
169 4383 300 4440 sternata.
316 4381 386 4436 dara
394 4395 482 4436 aaran
492 4375 758 4442 meermannianam
771 4375 868 4432 etaalt·
921 4394 970 4451 pra
984 4382 1160 4453 presbyteros
1172 4395 1233 4436 sese
1252 4382 1407 4452 ellorentes,
1426 4386 1490 4454 ipsis
1509 4388 1591 4444 etiarn
1607 4391 1717 4460 episce

75 4455 184 4512 dionaei
199 4454 361 4513 atrtrbaeoio
379 4452 544 4520 repelarttat.
557 4449 631 4502 t'ttt'ttt
644 4460 731 4502 antem
744 4445 870 4503 tractata
922 4449 963 4520 pis
977 4454 1113 4508 interdum
1135 4451 1346 4510 contumeliosas
1361 4466 1388 4510 et
1404 4455 1527 4524 injurios,
1545 4462 1587 4532 (ut
1602 4463 1636 4518 de
1648 4481 1717 4536 quo·

75 4527 116 4582 aei
128 4526 344 4592 decidentium,
358 4518 618 4581 ιιιιιιιιιαιιιιιοιιιιιι
629 4535 646 4574 a
657 4519 815 4572 saldmeene
825 4535 871 4572 as·
921 4522 984 4579 darn
993 4523 1155 4597 Cyprianus)
1171 4525 1198 4576 in
1214 4524 1336 4580 ordinere
1351 4535 1490 4600 regerent,
1513 4546 1544 4586 ae
1559 4533 1656 4590 fastum
1669 4551 1718 4592 eo·
1740 4521 1750 4537 ⁰

91 4616 123 4652 rte
134 4600 172 4652 ad
184 4601 340 4670 episcopam,
353 4595 482 4652 licentiam
491 4591 567 4649 ltabet
576 4590 724 4660 caniseiane
735 4590 868 4644 sortiendi.
922 4609 982 4649 rrrrn
999 4597 1186 4667 reprimerent.
1200 4593 1253 4648 Sed
1267 4595 1301 4650 de
1314 4595 1356 4650 leis
1371 4613 1466 4654 vereor
1480 4616 1513 4657 ne
1527 4605 1607 4660 nirnis
1622 4608 1730 4666 multe..

73 4616 145 4725 ‘itte
157 4678 188 4726 et
200 4685 261 4726 can.
275 4668 391 4726 mnium
402 4665 575 4724 sacerdotare.
586 4671 653 4729 ete,
669 4671 709 4725 et,
721 4660 871 4743 narrarent
883 4663 913 4725 Ι)
923 4668 990 4734 Quae
1006 4677 1094 4720 taurea
1110 4669 1159 4721 etsi
1176 4666 1262 4736 prima
1275 4666 1368 4724 beate
1386 4671 1481 4742 exigue
1499 4674 1651 4745 nldeenter,
1668 4680 1718 4735 eb-

74 4742 163 4813 impr'i,
178 4750 230 4797 ete.
245 4741 315 4810 Quin
334 4747 363 4794 et
374 4752 469 4793 emeres
480 4736 592 4795 erimine
602 4733 717 4790 elericos
734 4747 766 4786 ee
786 4744 870 4790 anter·
927 4749 1048 4804 sertata,
1074 4737 1162 4808 ruegni
1186 4751 1252 4792 ustts
1273 4753 1334 4794 esse
1359 4741 1385 4796 iu
1410 4746 1582 4814 eritiqrrermn
1600 4751 1716 4808 lectione

76 4815 142 4868 tlrrm
156 4813 338 4883 appellatione
349 4810 571 4877 earngtreltensos.
583 4804 712 4874 reperias.
728 4803 767 4861 ba
783 4803 874 4886 l'ietor
925 4809 1137 4878 comperientur.
1162 4809 1247 4866 Pttdel
1269 4809 1370 4878 disere,
1392 4829 1471 4886 prtem
1496 4819 1567 4874 loerle
1593 4821 1717 4877 inlinatur

77 4883 149 4941 lltie.
163 4885 212 4940 ltb.
232 4899 260 4940 ιιι
276 4903 285 4944 t
299 4883 330 4940 Si
343 4881 449 4942 collatio
462 4879 666 4942 desiderabatur,
681 4892 760 4946 gerare
772 4892 872 4944 raptate
926 4881 1060 4936 interdum
1075 4879 1123 4935 riri
1140 4881 1258 4946 merlini,
1275 4883 1369 4938 barum
1386 4886 1429 4941 sel
1441 4891 1612 4946 ministerum
1626 4907 1719 4949 rernm

74 4973 168 5012 ferm
182 4957 333 5019 bitrem.
349 4963 507 5012 nenmntattt
515 4951 687 5010 maetam.
699 4949 873 5030 neranaetiam
925 4953 1095 5023 ignoratione
1109 4969 1116 5008 ι
1132 4952 1203 5007 burte
1225 4955 1311 5024 ipsum
1327 4951 1416 5028 Opteti
1432 4959 1519 5014 tecam
1537 4976 1621 5030 nuper
1633 4964 1658 5017 in
1672 4965 1721 5020 etl-

75 5027 225 5084 nearent
242 5025 400 5084 sacerdotes
412 5027 486 5081 laicis
504 5021 628 5092 opponit,
640 5019 756 5076 clericas
774 5019 873 5074 intelli·
927 5027 1056 5078 rerirandae
1066 5025 1196 5080 doctrines
1214 5029 1315 5096 scripto
1328 5027 1533 5100 incomparabili
1547 5035 1583 5088 ite
1597 5049 1717 5106 versum,

75 5113 158 5169 gens.
173 5100 226 5157 Sed
238 5098 317 5170 lenge
335 5097 413 5154 aliter
433 5097 477 5155 bie
491 5093 606 5165 Optatus
620 5094 666 5162 gei
685 5103 800 5146 eeteros
815 5107 873 5146 eiuu
926 5107 956 5151 ut
974 5095 1040 5150 nilrll
1064 5097 1123 5165 ipse
1139 5097 1281 5164 indignius,
1309 5109 1335 5152 et
1348 5100 1382 5155 ab
1403 5101 1492 5172 bpeet
1513 5117 1605 5163 mente
1629 5109 1717 5180 magis

76 5171 156 5226 niem
173 5171 298 5228 ordinem
311 5183 380 5239 trans
393 5183 488 5227 omnen
505 5165 644 5222 arinistros
656 5162 784 5233 appellat,
798 5178 814 5217 tt
829 5178 873 5216 ιι·
924 5169 1045 5223 alienant
1059 5168 1205 5238 earrrrgitari
1219 5173 1313 5240 pessit.
1329 5171 1399 5228 llere
1411 5171 1527 5232 Certen.

75 5241 327 5300 serdetiedisertis
340 5239 432 5298 serbis
451 5237 570 5298 ereren
584 5249 658 5319 :unse
671 5234 760 5288 retines
778 5243 873 5316 eaerte
960 5257 1029 5314 Μ·
1047 5257 1169 5314 mmm·
1192 5259 1308 5318 Minores
1324 5261 1432 5321 clerici·
1450 5269 1566 5326 mm·

75 5312 390 5372 diaconoraruardinern
401 5305 873 5380 bnenatetertteeteaeerdetngra·
992 5353 1006 5368 ,
1066 5353 1071 5364 ,
1189 5355 1194 5368 ,
1288 5357 1293 5368 ,
1359 5359 1363 5372 ,
1480 5360 1531 5372 ..
1665 5363 1670 5374 ι

75 5385 144 5442 dean
166 5383 317 5442 eonstiterit.
341 5383 407 5440 llice
421 5383 501 5454 igiter
520 5379 554 5436 arl
572 5378 731 5448 dignitatem
746 5379 873 5432 dracoue·
937 5423 942 5434 .
962 5349 1167 5454 (⁵⁰)‚91‘l‘0’l0i
1187 5371 1213 5414 θ’
1235 5366 1320 5426 tertae.
1346 5361 1549 5458 {¹⁰¹¹tttltttttttttts
1570 5361 1721 5425 Ecclesias-

75 5471 141 5516 rnre
164 5458 363 5528 pertinerent
386 5469 421 5510 ee
442 5452 538 5510 reterri
558 5450 658 5508 debere
681 5447 754 5519 enred
769 5458 876 5504 ueteres
925 5431 985 5480 ‘¹⁰³²
1010 5439 1125 5498 lll¹¹¹¹¹¹m
1148 5425 1237 5482 ¹⁰⁰⁰*ss
1260 5437 1395 5498 ”mittini
1417 5445 1548 5500 θιιιιῡιιι,
1570 5433 1721 5490 seeundum

77 5531 218 5600 merique·
229 5529 388 5600 Cypriam,
405 5523 579 5595 munim
602 5531 630 5578 ,g
648 5519 706 5588 ,ἤι’
720 5536 782 5576 cum
802 5519 876 5575 oggi,
926 5497 1088 5568 presbyteri,
1105 5499 1213 5553 tertium
1230 5498 1347 5568 denique
1362 5499 1478 5554 diaconi.
1496 5501 1612 5558 Aenesi.

78 5617 131 5659 stes
156 5599 356 5660 emireiasoaas
377 5605 535 5661 omnent.
560 5593 604 5650 tol
625 5594 699 5651 setes
718 5591 872 5661 episcopas,
963 5588 1022 5662 (ll)
1039 5588 1073 5644 ln
1086 5591 1160 5645 tertie
1173 5592 1316 5645 sacerdotio
1331 5591 1491 5646 constitutos.
1513 5593 1662 5650 sacerdotii
1676 5611 1727 5654 no·

79 5673 261 5742 presbyteres
271 5683 299 5729 et
313 5672 441 5726 maeones
455 5665 621 5729 mammone.
635 5673 750 5722 eeteros
763 5661 875 5720 emriino
928 5676 991 5716 rnen
1007 5661 1051 5716 lric
1067 5671 1178 5731 usurpet
1191 5663 1340 5731 generatim
1353 5661 1478 5731 Optatus,
1495 5679 1544 5736 pre
1556 5666 1662 5733 jurene
1678 5684 1727 5741 po.

78 5743 245 5812 presterum
257 5742 299 5798 tel
311 5751 340 5802 ιιι
355 5737 535 5808 inoptatae.
553 5736 671 5803 esteris,
686 5733 876 5806 nunquamne·
930 5741 1028 5790 testate
1042 5731 1190 5793 exercendi
1207 5734 1320 5802 alieuius
1335 5734 1454 5816 ntrreeris
1469 5735 1657 5804 ecelesiastici,
1673 5756 1728 5813 qun

79 5829 186 5873 norme
210 5815 328 5883 gentiam
354 5809 512 5876 ordinibus,
540 5808 659 5880 generali
688 5808 875 5870 namrtrnram,
930 5820 1011 5860 sensu
1024 5803 1130 5886 diaconi
1147 5803 1291 5859 eidemin
1304 5802 1456 5860 reeordmm
1470 5807 1592 5884 ordinem
1608 5810 1731 5870 obtinere

81 5886 349 5956 odinatarieaatmd
359 5877 880 5958 emensurararueraeeesepetae
931 5877 1029 5936 merite
1042 5875 1096 5934 diet
1108 5883 1232 5944 portare.
1250 5875 1291 5932 lte
1307 5877 1364 5934 itm
