3950 6317
58 305 71 360 ι
471 285 1164 396 ιιιιιιοιιιιιιιιιιιιιιιιιιιιιιιι
1589 299 1657 368 rtis

61 421 118 479 nod
133 421 207 480 lnest
222 423 308 494 prosit
320 465 327 492 ‚
340 423 368 479 bt
380 430 496 496 utroque
521 435 552 479 se
566 423 640 495 ipsos
654 423 805 480 circumve·
817 435 843 498 g
857 424 953 496 quibus
968 425 1019 482 ista
1034 425 1133 498 bagitin
1149 423 1350 497 probibentur,
1366 422 1534 496 superdeum
1549 424 1586 481 sit
1609 426 1659 481 du-

58 529 74 571 e
91 523 296 572 monstrantur.
315 515 411 572 brunia
425 515 498 572 enlm
512 514 591 583 lime,
608 525 638 570 ut
651 531 734 587 supra
750 516 807 571 dic·
857 529 983 574 contenta
1000 521 1178 590 subnectere,
1199 535 1261 580 cum
1283 520 1347 577 talia
1368 533 1419 576 nee
1434 519 1578 575 mundanis
1591 516 1659 590 legl-

65 617 123 678 est,
140 619 300 668 sarrctorum
310 617 463 684 martyrum
474 611 617 668 sententiis
627 621 804 668 evacuantur.
858 609 908 666 bus
923 611 1126 682 permittantur,
1142 615 1208 670 satis
1222 616 1363 671 siteorum
1376 628 1425 670 nos
1438 613 1527 669 errori
1544 627 1659 682 respon·

58 719 79 759 e
96 704 176 760 eninr
190 703 249 761 lieri
263 712 373 781 potest,
389 705 411 761 sl
428 719 480 760 ona
494 714 536 762 est
556 705 677 763 Ecclesia
692 717 720 762 et
733 705 806 762 indi·
857 703 946 772 disse,
975 713 1004 762 et
1016 721 1074 776 qne
1091 707 1228 778 superfluo
1239 708 1460 780 responderunt,
1474 706 1660 763 divinistesti·

60 807 132 853 sest
149 795 276 854 cbristus
289 839 298 867 ,
313 806 343 853 nt
355 796 421 854 loris
435 797 540 870 posittu
554 797 721 871 baptismam
741 813 806 857 crin·
857 799 958 856 moniis
971 797 1082 857 eluisse.
1099 797 1134 855 Et
1144 801 1295 858 ultamnnn.
1310 801 1442 858 borniuos
1455 807 1482 859 te
1493 801 1657 858 ineolumem

58 887 163 944 tutin?
185 889 263 958 Quod
284 903 350 946 uero
375 889 428 948 sibi
449 905 465 946 ι
484 891 564 948 nobis
588 891 671 964 obiici
691 892 804 961 dieunt,
858 901 1005 950 conservet
1017 938 1024 962 ,
1036 893 1108 966 quod
1123 904 1258 966 optumus.
1276 897 1407 954 Recitavi.

58 999 99 1037 tus
113 985 168 1038 niro
181 983 277 1040 ceruini
295 984 465 1057 intposuerlt,
481 1001 563 1058 neqne
579 987 806 1042 communicaveris
894 985 957 1044 259.
982 985 1151 1044 llorcelliuus
1164 988 1658 1046 uircinriraimnrtribumuetnoterius

58 1077 113 1134 ‘etit
133 1076 228 1132 cliente
251 1077 282 1156 (1
297 1076 363 1133 Tim.
379 1078 426 1149 u),
451 1087 479 1136 et
505 1079 582 1151 quasi
608 1078 807 1150 respondentes
858 1079 934 1136 dicit.
949 1075 978 1137 ld
994 1081 1067 1153 quod
1081 1081 1182 1138 lectum
1204 1091 1247 1139 est
1268 1083 1352 1154 gestis
1371 1084 1551 1153 presentibus
1565 1084 1660 1141 adbe-

58 1179 154 1227 rrrnnt
177 1171 299 1230 moribus
322 1171 412 1244 potius
447 1171 549 1230 debere
576 1173 702 1231 homines
724 1187 806 1246 quam
858 1173 938 1232 nebit.
959 1173 996 1230 Et
1008 1175 1113 1249 adjecit.
1125 1173 1161 1232 Et
1185 1177 1314 1248 qnoniam
1338 1171 1434 1232 iubos
1455 1177 1596 1248 praebitam
1610 1191 1661 1249 pa·

58 1281 118 1323 tore
132 1265 275 1339 separari,
298 1265 332 1321 ad
348 1265 399 1322 boc
414 1281 467 1322 non
484 1267 565 1324 modo
585 1266 726 1336 moribus,
756 1267 805 1324 sed
858 1267 980 1324 tienrlam
994 1275 1122 1337 constat,
1151 1282 1183 1325 ea
1205 1282 1266 1340 quae
1278 1266 1381 1324 dodum
1394 1276 1458 1325 sunt
1481 1267 1572 1325 oblata
1591 1268 1661 1326 recl·

58 1377 82 1416 ιιι
105 1373 251 1432 corporea
265 1359 344 1416 malis
358 1358 589 1434 debercdlsjungi
605 1361 804 1418 multisudmo·
858 1367 965 1431 tentur;
979 1363 1053 1421 etad
1069 1363 1128 1422 bec
1150 1363 1241 1422 omnia
1255 1377 1318 1439 pars
1331 1379 1347 1422 e
1360 1363 1470 1422 diverso
1483 1364 1583 1422 sistens
1603 1380 1662 1422 res-

58 1473 66 1512 ι
82 1456 252 1512 testimoniis
263 1453 397 1530 legalibus
408 1456 601 1528 approbamus.
616 1456 645 1512 ln
657 1453 804 1513 ilumeris:
859 1455 978 1526 pondero
992 1464 1113 1528 cogetur.

58 1549 141 1606 redite
154 1565 171 1604 o
186 1547 358 1606 tabenaculit
379 1549 512 1605 bominum
525 1549 633 1628 istorum
655 1551 808 1608 durissimo-
894 1547 958 1606 260.
979 1545 1111 1605 Erindes
1135 1550 1273 1622 episeopus
1298 1550 1374 1607 dieii.
1398 1547 1478 1607 Prius
1501 1547 1664 1607 testimoniis

58 1661 73 1712 t,
90 1653 156 1700 utne
166 1643 298 1717 tetigeritis
311 1643 344 1700 od
358 1645 475 1702 omnibus
487 1663 544 1718 pute
554 1657 613 1702 sunt
626 1647 674 1716 eis,
685 1664 717 1703 ne
730 1647 808 1703 timul
859 1641 1014 1698 testimonis
1027 1643 1178 1700 revincent.
1193 1643 1270 1701 lonc
1282 1643 1316 1701 ad
1329 1659 1359 1701 eo
1374 1656 1435 1716 que
1449 1643 1604 1701 sublimitas
1618 1649 1665 1699 toa

58 1737 117 1792 entis
130 1747 155 1791 et
168 1752 213 1791 uos
224 1734 378 1792 inomniins
391 1738 501 1808 peccatis
521 1754 608 1795 eorum
625 1732 719 1812 (Num.
736 1738 806 1812 xer).
842 1789 845 1796 ,
855 1735 1020 1806 iudicaverit
1039 1737 1200 1799 veniendum
1217 1748 1270 1796 est.
1294 1737 1331 1794 Et
1344 1739 1398 1794 olio
1416 1753 1507 1794 mono.
1526 1737 1666 1795 Emeritos

58 1845 68 1884 ι
84 1830 206 1886 Esaias:
221 1815 442 1898 disordinando
451 1829 511 1886 inde
523 1841 567 1900 ,el
581 1832 743 1887 immundum
756 1848 804 1886 no·
821 1837 845 1906 B
859 1829 1004 1900 episeopus
1016 1831 1090 1886 salva
1105 1830 1452 1903 appellationcirecognovi.
1517 1840 1523 1848 ’

66 1935 172 1992 tenpus
186 1941 194 1976 ι
211 1921 343 1978 libuedr'te
356 1923 388 1978 de
400 1923 486 1981 medie
500 1940 589 1980 eornm
598 1925 643 1996 qtsi
658 1925 732 1998 pertis
745 1939 809 1980 susc
895 1921 961 1978 sot.
983 1921 1144 1996 Augustinus
1156 1924 1291 1997 episcopus
1301 1923 1427 1980 Ecclesioe
1438 1924 1574 1980 corbolleoe
1584 1923 1663 1979 discit.

58 2020 109 2073 nini
132 2018 203 2090 (leo.
219 2015 281 2088 nrt).
298 2017 366 2074 ltem
390 2019 561 2090 Apostolus:
589 2019 643 2076 Vos
667 2019 735 2076 erim
750 2020 810 2076 eutis
859 2013 990 2071 Permitte
1003 2027 1064 2083 nos,
1076 2015 1118 2070 vir
1130 2016 1273 2083 sublimis,
1290 2030 1340 2088 pro
1361 2029 1442 2072 causa
1454 2013 1587 2074 liedeslu
1608 2029 1665 2071 ιιι

59 2111 130 2182 plum
142 2109 191 2166 liei
204 2111 263 2166 titi.
278 2107 350 2167 Dicit
363 2111 433 2168 enirn
449 2113 505 2184 ipsc
520 2128 530 2168 .·
546 2111 675 2184 Quonim
688 2112 809 2170 babitubo
860 2107 961 2166 diutius
981 2109 1127 2182 superfluis
1147 2111 1297 2168 immorari.
1324 2109 1415 2182 Atque
1440 2111 1544 2168 utinam
1566 2112 1665 2167 iratres

58 2205 96 2272 is,
111 2211 137 2259 rt
151 2203 179 2258 in
191 2203 231 2260 sis
240 2201 394 2271 municio,
415 2213 440 2258 ιι
453 2219 497 2260 ιιι
507 2204 612 2259 illorum
624 2204 710 2270 deut,
723 2217 746 2260 rt
757 2204 809 2274 ipsi
861 2203 947 2259 nostri
960 2202 1100 2260 ediverso
1113 2203 1242 2260 sistentes
1258 2203 1331 2259 bane
1348 2202 1492 2275 epistelam
1515 2213 1580 2258 ante
1601 2201 1665 2257 iilos

58 2305 80 2352 nt
103 2294 167 2350 stilti
186 2295 299 2368 pupulus
323 2311 404 2352 uuus.
432 2293 545 2368 Propter
559 2297 629 2370 qnod
643 2295 810 2354 deridente
861 2307 956 2350 omnes
979 2296 1142 2352 monsterius
1166 2309 1309 2352 sermones
1335 2307 1402 2352 suus
1422 2295 1621 2367 protulissent,
1636 2301 1668 2352 ui

58 2391 194 2446 lineorum
204 2399 228 2444 et
239 2389 394 2462 mentiri
403 2425 413 2458 ,
425 2398 450 2445 st
462 2390 622 2444 innuendum
640 2405 673 2444 ns
697 2388 810 2462 tetigeri-
860 2387 915 2456 lum
939 2386 973 2443 tle
995 2387 1133 2454 Ecclesia,
1149 2388 1224 2444 node
1240 2401 1322 2444 esuss
1337 2389 1470 2457 vertitur,
1485 2387 1587 2460 aliquid
1602 2402 1668 2461 age·

58 2493 81 2541 ιι
93 2501 138 2557 ege
151 2485 279 2553 recipietur
291 2497 361 2552 eos,
384 2491 409 2538 st
424 2499 469 2539 ero
478 2483 548 2540 tobit
561 2483 588 2538 in
607 2492 716 2552 putrent,
729 2493 754 2538 et
764 2498 809 2539 vos
861 2491 963 2535 neruus.
982 2479 1182 2536 Animadvertit
1203 2493 1271 2552 ergo
1285 2471 1413 2537 nobilitas
1425 2489 1470 2536 toa
1485 2481 1513 2536 in
1533 2483 1584 2535 bac
1603 2480 1666 2552 epi-

58 2581 75 2636 it
88 2581 152 2636 ntild
167 2580 197 2634 in
213 2577 281 2650 filios
295 2586 319 2634 et
333 2577 418 2648 filius,
431 2577 493 2634 dieii
505 2576 634 2636 Dnmbrut
649 2576 810 2648 omrripotens
863 2572 932 2629 stola
946 2572 1133 2645 duo‘qutednm
1144 2587 1244 2645 genera
1260 2572 1304 2630 vei
1316 2573 1505 2645 objectionum
1515 2574 1560 2630 vet
1572 2587 1666 2630 rerum

61 2671 120 2728 lior.
141 2671 201 2744 vr).
219 2669 286 2728 illud
299 2684 365 2730 tero
379 2669 458 2742 quale
482 2683 544 2740 cst,
566 2680 596 2730 ut
618 2685 681 2726 eum
698 2684 749 2727 nos
767 2668 810 2726 eis
862 2668 962 2724 inserta
975 2668 1075 2741 quibus
1086 2669 1255 2741 respondere
1269 2670 1434 2738 debeamus,
1451 2684 1535 2727 unrrna
1549 2669 1583 2725 de
1596 2670 1666 2728 divt-

58 2765 167 2821 eiumus
192 2762 394 2836 persecutiones
424 2770 454 2822 st
478 2763 610 2820 immunes
633 2761 810 2820 crudelitates
862 2763 905 2818 nls
918 2761 1061 2836 seripturis
1081 2771 1109 2818 ct
1134 2775 1239 2821 sanctus
1260 2765 1328 2837 legis
1342 2765 1479 2837 eloquiis,
1494 2766 1611 2821 alterum
1630 2766 1666 2823 dc

58 2857 103 2914 bus
120 2857 173 2929 ipsi
188 2865 216 2912 et
234 2855 352 2926 uniones
366 2869 462 2912 eorum
477 2871 527 2914 uos
540 2864 686 2928 patresque
699 2867 810 2912 nostros
862 2853 1097 2914 criminationibus
1107 2855 1251 2927 humanis,
1266 2873 1327 2932 que
1341 2859 1495 2931 objicienda
1512 2860 1605 2916 nescio
1616 2860 1665 2932 qei

64 2967 153 3008 arrnos
173 2959 285 3008 ceritum
300 2945 342 3002 tel
357 2949 473 3020 ‘amplius
486 2949 546 3008 sine
566 2951 721 3008 cessatione
735 2949 807 3004 ul'di·
862 2947 1025 3006 inuidiosius
1048 2952 1138 3022 potios
1160 2967 1240 3023 quom
1254 2952 1345 3009 verius
1359 2959 1533 3022 putaverunt.
1547 2949 1589 3008 ld
1606 2951 1667 3009 bec

58 3045 198 3116 iuratque
223 3047 408 3114 venierint,
436 3043 476 3102 illi
500 3043 553 3100 isto
575 3057 629 3100 nou
644 3041 809 3100 erubescunt
863 3040 918 3100 duo
937 3045 1031 3116 poncls
1052 3045 1075 3101 si
1091 3045 1223 3103 Dominus
1245 3044 1397 3118 adjuverit,
1417 3045 1666 3119 respondebimus,

58 3138 243 3210 lragio,quod
255 3139 348 3196 dicant
358 3139 393 3196 ab
405 3137 539 3210 aliquibus
553 3149 707 3196 nostrorum
721 3133 809 3194 blaxi-
863 3133 946 3215 316
960 3155 995 3198 ne
1010 3139 1145 3211 prolixum
1159 3149 1315 3199 sermonem
1338 3149 1422 3198 enom
1440 3141 1588 3214 prolixitati
1601 3140 1666 3198 red·

58 3233 140 3291 nistis
163 3233 250 3292 luisse
275 3235 480 3306 persecutiones
500 3233 607 3305 illutus,
627 3247 691 3290 eum
715 3233 844 3304 utiquec
861 3236 968 3291 dantus.
984 3235 1106 3303 Questio
1119 3248 1160 3293 cst
1172 3235 1207 3294 de
1216 3233 1339 3293 Ecclesia
1351 3245 1442 3292 utrum
1454 3236 1667 3306 permistosnvn

58 3343 87 3399 ne
100 3328 176 3386 nliud
192 3329 230 3384 sit
245 3337 372 3398 usurpata
387 3327 579 3384 Ecclesiasticu
595 3336 623 3383 et
645 3340 809 3398 eoutpaupu-
862 3327 1005 3400 lususque
1019 3327 1046 3384 in
1060 3327 1141 3385 dnem
1158 3328 1283 3385 habitura
1296 3327 1425 3404 predicta
1438 3336 1491 3396 est,
1505 3341 1541 3382 au
1555 3327 1668 3382 omnino

58 3437 66 3478 ι
89 3422 211 3480 civiliter
225 3431 351 3493 repetere
365 3421 485 3480 voluisse
501 3461 510 3486 ,
523 3419 671 3476 peculium
685 3418 718 3476 ud
733 3433 808 3476 com·
865 3437 962 3480 onrnes
978 3423 1085 3494 bonos,
1105 3435 1200 3478 omnes
1213 3431 1324 3479 sanctos
1337 3430 1417 3494 atquc
1438 3420 1626 3477 turmacuintos
1640 3419 1668 3476 in

58 3516 165 3574 irionem
184 3526 306 3572 nostrum
327 3515 466 3574 uolentem
483 3513 653 3586 invitumque
666 3513 807 3584 coegisse,
866 3515 919 3572 buc
930 3516 1049 3585 seculo,
1065 3517 1117 3572 isto
1132 3517 1214 3573 ctinnr
1228 3529 1351 3587 tempore
1365 3529 1451 3587 usqne
1464 3516 1493 3571 in
1508 3514 1590 3571 linem
1603 3514 1669 3572 ulti·

58 3610 124 3666 uliud
146 3610 187 3666 sit
209 3619 307 3681 aperto
328 3607 423 3668 lurore
446 3624 494 3680 per
508 3608 665 3666 universum
679 3606 807 3682 populum
864 3625 940 3664 ιιιιιι
968 3609 1075 3667 saeeull.
1102 3607 1223 3682 Utraque
1246 3609 1401 3666 testimonia
1427 3609 1520 3666 divina
1543 3617 1625 3676 sunt3
1641 3618 1670 3666 et

58 3705 197 3762 istianum
212 3703 303 3760 onmis
328 3703 399 3760 mala
416 3703 563 3760 crudeliter
588 3716 726 3760 exercere.
743 3699 810 3768 Quis
864 3703 957 3774 utique
985 3703 1165 3775 repugnantia
1180 3717 1243 3759 csse
1266 3715 1321 3758 non
1346 3703 1462 3770 debent,
1484 3717 1535 3760 nec
1557 3705 1670 3760 omnino

58 3813 81 3852 m
93 3797 202 3856 nesciat
215 3795 283 3854 istos
294 3795 439 3854 uadttores
447 3806 689 3868 persecutoresque
700 3805 809 3854 nostros
865 3806 988 3867 possunt,
1002 3795 1024 3850 si
1040 3795 1237 3852 intellectorem
1252 3795 1407 3852 inveniant.
1422 3799 1523 3853 bream
1535 3809 1600 3853 esse
1618 3797 1671 3852 Ee·

58 3892 114 3962 ipso
128 3891 246 3949 uxirrdio
268 3891 455 3950 courdemnutae
472 3890 626 3950 traditionis
648 3891 810 3948 consumenti·
863 3889 974 3948 elesiam
989 3903 1044 3945 non
1058 3904 1110 3960 ogo
1124 3888 1190 3945 dixi.
1208 3889 1268 3946 lion
1289 3889 1431 3963 quisquam
1447 3899 1592 3959 nostrum,
1616 3889 1668 3948 sed

61 3984 193 4054 precibus
206 3982 312 4040 erritotis
331 3983 359 4040 in
374 3993 496 4040 nostrum
513 3996 607 4040 neecrn
620 3981 701 4056 bnjus
715 3980 810 4040 secoli
865 3983 1042 4057 Euangeliou
1056 3983 1191 4055 loquitur,
1207 3983 1252 4041 ubi
1269 3986 1456 4056 scriptumest
1468 3983 1671 4057 venturumqoi

58 4077 178 4149 rcipibss
193 4077 379 4148 supplicasse,
395 4087 479 4150 smne
489 4077 524 4136 ad
538 4093 615 4136 suurn
636 4080 808 4136 commuuio·
863 4077 1048 4136 ventilabrum
1062 4077 1131 4134 ierat
1144 4077 1172 4134 iu
1184 4091 1266 4134 manu
1277 4091 1324 4134 soa
1335 4089 1365 4136 ct
1374 4078 1568 4135 mundatorum
1577 4092 1671 4136 ereum

58 4181 184 4228 ncontrs
200 4171 395 4245 beiprtecepta
410 4172 492 4230 ruinis
511 4183 540 4232 et
563 4172 810 4246 proscriptionibus
863 4174 962 4242 suom,
980 4171 1117 4229 iromenta
1131 4172 1263 4229 recondet
1277 4172 1304 4228 in
1318 4171 1427 4229 borrco.
1441 4171 1477 4228 Et
1501 4188 1560 4229 cun
1574 4173 1673 4230 diceret
1775 4213 1779 4218 -

58 4263 192 4322 rotasse?
213 4263 280 4322 iiam
310 4273 340 4322 ut
370 4266 528 4324 omittemus
554 4275 672 4338 quantus
698 4267 809 4340 sanguis
865 4265 976 4344 (Elatia
991 4285 1079 4324 muts.
1093 4265 1273 4340 ltecognml),

58 4358 182 4416 *istinnus
205 4357 309 4418 effusus
331 4358 365 4416 sit
390 4373 440 4432 per
463 4358 629 4430 beornium,
653 4356 808 4432 Ummium,
842 4341 848 4351 ’
901 4361 967 4418 262.
988 4359 1120 4417 Emeritam
1140 4362 1276 4435 epscopus
1296 4360 1372 4418 dixit.
1398 4359 1458 4419 lion
1474 4361 1540 4434 legit
1564 4362 1669 4426 sreint.

58 4457 177 4525 tarium,
193 4455 307 4514 Patrium
320 4495 330 4524 ‚
346 4455 514 4524 Taurinum,
534 4455 708 4522 Romanum,
729 4461 810 4511 cute·
865 4451 902 4510 Et
922 4455 975 4511 nilo
988 4467 1078 4512 mortu.
1093 4451 1230 4512 Emeritos
1240 4457 1383 4528 episcopus
1398 4459 1554 4530 recognovi.
1567 4457 1671 4533 Augus·

58 4561 381 4624 queessecutoresquos
396 4550 424 4608 iu
437 4548 811 4620 tunctorumuecemapvin·
863 4550 936 4604 tinus
963 4549 1100 4620 episcopor
1127 4543 1254 4604 Eccleeioe
1285 4549 1419 4606 corbolien
1449 4551 1525 4607 dieb.
1550 4551 1672 4611 losnnes

58 4645 112 4702 ,bus
125 4643 222 4702 steenli
244 4651 419 4710 meruerunt,
441 4641 672 4714 quandoplurini
694 4655 809 4700 reitera-
822 4647 850 4713 1)
863 4641 935 4699 dixit
951 4651 958 4697 t
972 4639 1111 4696 Mundobit
1132 4655 1220 4696 orcum
1241 4655 1335 4709 teum,
1360 4643 1491 4712 gementu
1511 4647 1671 4703 memneris

58 4739 104 4794 iles
127 4735 648 4802 westmonasteriensem
671 4735 808 4808 relegati,
862 4731 1079 4810 lorrerlltont.
1102 4749 1152 4803 nr,
1170 4731 1223 4801 ιλ·
1237 4742 1260 4788 ct
1274 4733 1340 4789 Luc.
1355 4749 1395 4803 ιιι,
1415 4730 1472 4810 tt).
1496 4733 1532 4791 Et
1554 4750 1614 4793 cum
1626 4739 1670 4793 di·

58 4831 201 4890 'istiuritas
212 4830 268 4888 late
277 4821 388 4898 inuata,
402 4840 509 4888 saerata
522 4839 644 4902 stuprstu
656 4831 807 4903 uirginitas,
864 4839 935 4890 curet
960 4827 1006 4906 (Et
1021 4829 1075 4885 utto
1088 4843 1175 4884 muns.
1193 4827 1370 4902 Recognovl)‚
1388 4827 1558 4886 Marcellinus
1570 4829 1671 4888 tireio·

58 4928 152 4999 scripti
166 4925 277 4994 divites,
292 4925 401 4998 spoliati
414 4939 560 4998 pauperes,
570 4924 668 4982 ablate
677 4922 809 4994 basilice,
864 4925 985 4980 riseintur
997 4921 1116 4978 trbnnua
1131 4927 1156 4976 et
1168 4922 1284 4977 nolumus
1299 4919 1376 4976 dieis.
1391 4920 1448 4978 lloc
1462 4923 1537 4994 quod
1549 4923 1672 4997 postulet

58 5035 87 5076 ue
102 5021 158 5077 acti
172 5022 201 5076 ln
213 5018 304 5092 lugan
319 5018 425 5090 prologi
439 5018 613 5083 sacerdotes,
629 5023 722 5072 nostro
737 5031 810 5074 nunc
864 5019 1012 5091 relegetur.

58 5125 131 5180 tpore
142 5119 243 5182 quouis
258 5109 446 5168 meminerint
458 5110 550 5167 nullus
564 5110 681 5181 ignorat.
696 5105 812 5179 Episcon
901 5111 965 5167 solt.
989 5107 1133 5165 Potitiorum
1147 5108 1157 5184 (
1172 5108 1227 5166 dut
1246 5109 1335 5182 potius
1357 5107 1515 5184 Emeriluri
1534 5113 1673 5185 episeopus

68 5207 246 5278 ingesserunt
258 5206 369 5276 emble,
382 5206 546 5264 cbristianis
555 5203 720 5276 fugientibus
739 5217 811 5275 prae·
865 5201 943 5260 distr.
969 5201 1009 5259 be
1030 5201 1145 5260 occultis
1168 5204 1223 5261 reis
1237 5203 1289 5260 boc
1312 5203 1382 5261 disit
1405 5203 1589 5277 Evangelista,
1613 5215 1672 5263 non

58 5301 110 5368 itia,
124 5310 323 5374 oppresserunt
334 5301 461 5374 populos,
477 5298 590 5374 praedati
605 5297 808 5366 suntelcricus,
864 5298 901 5355 de
913 5297 1099 5367 evidentibus,
1120 5297 1192 5372 quod
1217 5306 1247 5354 tu
1265 5297 1306 5355 vis
1322 5308 1411 5355 tecum
1426 5311 1488 5354 esss
1504 5297 1668 5368 permistos.

58 5408 171 5454 pserunt
187 5397 333 5465 basilicas,
359 5397 508 5474 intulerunt
520 5394 678 5454 consentire
691 5393 812 5452 nolenti·
865 5387 903 5447 Et
919 5391 971 5447 nlla
985 5405 1076 5447 mount.
1091 5389 1240 5448 Petilianus
1254 5391 1398 5462 episeopus
1410 5389 1565 5462 recognovi.

70 5491 187 5562 plagus3
209 5499 350 5565 postremo
374 5490 402 5548 iu
429 5504 485 5548 uuo
510 5497 616 5546 tentum
637 5486 737 5561 oppido
755 5484 809 5544 ila-
901 5480 964 5539 llil.
985 5483 1147 5556 dugunnum
1156 5483 1293 5555 episcopua
1303 5479 1429 5536 Erclerioe
1442 5483 1579 5540 cartonen
1591 5483 1672 5542 dicit.-

58 5585 111 5642 usi
122 5599 305 5644 ecruotosusa
314 5580 684 5642 multorumeristianoruus
696 5576 809 5650 sanguis
866 5574 1027 5633 Prosecutio
1050 5585 1142 5632 nostra
1168 5589 1220 5647 pro
1243 5575 1367 5646 ipsorum
1383 5573 1497 5644 epistole
1523 5573 1666 5635 habeatnr·

58 5691 111 5732 rsus
121 5685 183 5744 est,
204 5685 234 5734 et
246 5689 297 5732 nec
310 5677 350 5734 sic
363 5672 454 5734 satiati
472 5673 501 5732 iu
516 5672 677 5732 bodicrnutu
698 5684 810 5733 cessare
866 5669 933 5742 Legi
948 5670 1053 5742 coepit,
1075 5668 1167 5725 nullus
1189 5685 1204 5722 a
1227 5666 1305 5724 nobis
1328 5666 1432 5724 relatus
1450 5659 1496 5724 est'
1517 5672 1667 5742 strepitus,

58 5771 130 5828 tenti
151 5777 225 5828 sunt.
240 5765 393 5842 undeque
407 5766 441 5823 ad
459 5765 608 5824 bosianus
631 5758 810 5822 immanitatis
866 5761 940 5817 nulla
958 5759 1171 5829 interturbatio,
1195 5759 1268 5816 nulla
1282 5759 1455 5830 interruptio.
1473 5761 1615 5818 Permittat
1638 5774 1674 5822 ut·

58 5879 103 5922 um
132 5861 325 5924 acerbissimos
350 5860 442 5920 titulos
467 5860 502 5920 de
522 5859 665 5932 seripturis
688 5853 807 5925 divinis,
867 5854 960 5912 liniam
981 5852 1055 5928 quod
1070 5852 1142 5926 coepl
1154 5851 1262 5926 eloqu,
1276 5859 1306 5910 et
1318 5851 1357 5909 sie
1380 5853 1555 5925 mpetudesb
1573 5855 1668 5926 Quove
