3950 6317
256 337 310 396 sss
949 323 1218 386 caoscoosuus
1831 335 1866 390 so

256 463 299 511 cet
311 467 486 526 cognoscere,
497 459 595 522 qttattla
604 447 702 520 irriseris
713 446 810 504 dictor
819 445 1053 503 esimiusS.Zeno
1067 449 1090 508 Α
1107 442 1195 498 nesits
1210 411 1407 500 seposuisses
1430 444 1504 504 bisce
1519 446 1692 502 sermonibus
1706 451 1778 520 qussi
1800 451 1868 509 locro

256 549 354 608 eodem
366 549 535 606 stultotleca
549 546 610 601 loco
624 547 728 600 ncncre
737 557 788 600 suu
802 540 980 598 defraudatus
996 540 1054 596 iue·
1107 534 1150 590 lus
1163 534 1307 606 decerptos
1322 537 1432 593 nomine
1444 537 1561 594 zenoots
1574 539 1699 609 intexuit,
1715 547 1815 613 uterum
1824 559 1868 600 suo

252 643 310 709 rit,
325 640 432 711 scriptis
450 637 508 694 sutis
522 636 743 706 luculentissimis
764 633 915 706 spoliatus,
929 633 973 688 cui
996 631 1055 703 upi—
1108 627 1179 685 iuter
1188 628 1350 687 Sanctorum
1364 630 1433 688 situs
1457 631 1600 704 prudentia
1621 647 1727 690 summa
1738 678 1746 702 ,
1758 635 1870 708 islunoue

253 735 329 795 nioni
353 733 493 805 etjudiolo
510 731 646 788 inbuere
667 743 721 786 non
735 728 801 786 satis
813 727 922 784 oculato
935 726 1055 797 reirsga-
1108 721 1261 780 incredibili
1288 724 1418 784 collectas
1441 741 1584 784 sermones
1604 730 1723 800 integrus
1744 728 1773 784 B.
1785 730 1870 789 lenum

252 837 297 886 tur
312 827 431 886 lllosdus
452 825 586 891 illarius,
616 824 655 880 lle
679 823 812 879 illustrata
841 820 918 876 ltalia
943 820 1055 891 regione
1109 811 1219 870 nomine
1234 813 1378 887 insignitos
1392 818 1574 874 inseruerunt.
1600 819 1647 875 ilis
1664 820 1872 892 grauissimisauc·

251 935 323 977 nonu
337 922 451 978 :Petrus
460 920 604 990 episcopus
618 915 761 989 Etpuillnus
772 915 799 972 iu
812 918 866 970 rita
879 914 911 971 ii.
924 913 1053 982 zenonis,
1109 907 1160 964 10Γί
1166 906 1215 962 biis
1230 909 1336 966 accedit
1350 912 1406 967 illd
1424 911 1452 968 S·
1466 911 1593 981 20⁰⁰le
1605 929 1665 986 (11¹²
1675 915 1731 987 itm
1746 919 1826 974 bibliis
1836 937 1870 976 su·

251 1024 281 1073 et
303 1015 422 1073 loannes
451 1012 571 1072 stoeliier
594 1012 777 1083 lustingeusis
797 1010 1006 1067 mathematicus
1030 1010 1057 1065 ln
1107 1003 1176 1060 culis
1192 1002 1424 1078 luitcouscripts,
1451 1009 1478 1064 in
1493 1023 1545 1080 qus
1559 1010 1680 1066 membra
1693 1010 1792 1084 aliquot
1804 1015 1872 1073 lucrm

251 1107 410 1167 esleudario
439 1109 582 1174 Rosulano,
606 1107 653 1178 goi
677 1106 754 1178 prios
777 1105 911 1176 superiori
935 1103 1055 1173 seculo,
1109 1113 1279 1168 sannionum,
1298 1101 1335 1158 de
1356 1103 1679 1176 quibusestdisputatio,
1705 1106 1826 1181 leguntur.
1837 1111 1873 1166 bic

253 1217 336 1275 qoam
350 1202 422 1275 typis
433 1200 550 1258 luissent
564 1200 668 1267 excusi,
684 1212 825 1255 semones
840 1197 870 1254 S.
887 1197 989 1253 benum
1014 1204 1057 1252 ut·
1108 1201 1310 1251 nemusculum
1326 1197 1542 1266 praetermissuuu
1555 1213 1617 1256 esse
1640 1199 1672 1256 S.
1685 1197 1817 1257 Gaudenti
1836 1205 1873 1276 epi-

252 1295 388 1351 tribuunt.
402 1293 501 1349 Nostra
517 1307 582 1354 sero
592 1298 781 1361 relatepruter
794 1287 826 1344 F.
838 1287 992 1344 Leandrum
1008 1288 1056 1344 nt·
1107 1286 1182 1354 scopi
1195 1283 1345 1343 brixiensis
1359 1303 1512 1346 sermonem
1526 1333 1533 1358 ‚
1548 1293 1594 1364 qm
1608 1295 1717 1350 exossis
1737 1299 1874 1354 sermonibus

130 1391 136 1399 '
254 1387 364 1443 bertum
392 1385 592 1442 Bononiensem
618 1381 684 1438 0rd.
708 1380 796 1437 Praed.
823 1380 851 1435 iu
873 1379 1058 1449 descriptione
1108 1376 1138 1434 S.
1147 1377 1270 1436 ,Zenertis
1291 1381 1378 1437 iuerut
1390 1382 1516 1451 additus,
1542 1385 1615 1456 quod
1643 1387 1671 1442 iu
1686 1397 1789 1446 vetusto
1808 1389 1875 1446 codice

255 1480 351 1548 italic,
370 1489 398 1536 et
409 1478 578 1550 iinuplrriuns
590 1477 750 1533 Panrinium
770 1476 797 1532 in
815 1475 946 1531 cbrooicu
960 1489 1056 1529 mouu-
1107 1473 1293 1544 manuscripto
1302 1489 1355 1530 uon
1364 1479 1507 1546 reperitur.
1522 1477 1586 1534 llaec
1596 1477 1631 1536 de
1639 1479 1668 1536 S.
1679 1479 1792 1536 Zenonis
1802 1497 1876 1537 utmo-

255 1573 370 1646 scripto,
384 1585 483 1628 usnam
503 1571 576 1627 iilius
599 1569 740 1636 trutinum,
762 1574 792 1624 et
810 1567 943 1639 iudicium
957 1566 1058 1624 reieiiit
1108 1565 1204 1631 uibus,
1218 1574 1247 1622 ut
1259 1567 1375 1638 piissimi
1388 1578 1416 1624 et
1435 1567 1622 1640 benignissimi
1646 1573 1763 1644 pastoris
1781 1574 1876 1648 scputris

256 1669 330 1726 idern
354 1669 482 1740 llogsius
499 1666 701 1738 bippomanus,
725 1671 753 1720 et
775 1660 937 1718 Laurentius
960 1660 1057 1718 Surius
1109 1659 1418 1734 constupratoque
1442 1660 1587 1719 debuimus
1599 1663 1876 1738 observantia,purere-

257 1762 474 1826 (immusicum,
489 1761 540 1816 riri
562 1757 674 1830 judicio,
691 1757 811 1828 pietate,
837 1765 866 1810 et
877 1754 962 1819 varis,
972 1761 1000 1809 et
1015 1767 1059 1810 re-
1109 1769 1181 1810 mos.
1196 1753 1297 1812 Fruere
1311 1755 1415 1827 igitur,
1428 1755 1546 1814 eartdide
1561 1758 1663 1829 lector,
1681 1761 1724 1816 iris
1737 1762 1875 1818 sermonibus

258 1857 366 1913 conditu
392 1854 545 1911 eruditione
568 1851 713 1921 insigues,
738 1859 766 1905 et
778 1862 916 1904 racemum
931 1846 1058 1902 historia·
1116 1847 1246 1919 martyris
1256 1847 1389 1920 episcopi,
1413 1849 1459 1920 qui
1474 1865 1572 1922 magno
1591 1851 1638 1908 liei
1653 1868 1765 1912 munere
1778 1855 1879 1912 nobisne

260 1963 321 2006 rum
336 1949 363 2004 in
377 1946 472 2018 primis
485 1941 669 2007 scientissimi,
683 1947 729 2012 oui
744 1955 798 1997 non
812 1938 894 1995 modo
913 1938 1056 2004 cretione,
1073 1905 1097 1966 B
1112 1938 1169 1996 licti
1182 1949 1254 2008 sunt,
1278 1955 1420 2012 quoscum
1447 1951 1551 2000 sitente
1575 1941 1697 2015 legeris,
1713 1947 1807 2003 senties
1828 1949 1878 2002 tesi

258 2044 403 2102 sedetiam
414 2056 465 2097 uso
479 2042 539 2110 ipso
553 2039 582 2096 s.
600 2035 719 2093 Zenonis
732 2049 795 2091 esse
809 2033 978 2097 docuerunt,
993 2045 1061 2102 quo·
1113 2034 1220 2090 virtutis
1246 2044 1274 2092 et
1292 2034 1398 2107 pietatis
1423 2035 1540 2092 studium
1556 2037 1719 2096 mirabiliter
1730 2041 1847 2107 oscitari,
1862 2051 1879 2095 et

255 2149 319 2192 rum
333 2134 444 2190 siler-in
456 2144 533 2188 susm
551 2139 675 2188 catenum
686 2126 943 2184 rotomentaricrom
965 2125 992 2180 ln
1007 2122 1061 2180 Ge·
1114 2125 1263 2196 bominem,
1274 2128 1362 2201 inquo
1373 2127 1877 2206 cbristustoquebesor,ptaoergoosus

574 2377 803 2456 NOTITIA
837 2373 1187 2451 Ltuuubnltln
1222 2377 1278 2452 IN
1318 2379 1597 2462 audebunt.

766 2533 823 2618 (ss
844 2549 1104 2599 scuosnssstnno
1120 2552 1152 2598 u.
1171 2551 1196 2614 s,
1218 2552 1248 2598 r.
1265 2531 1432 2618 its-328.)

219 2819 229 2833 ’
295 2798 347 2874 ll.
364 2799 435 2857 lito.
450 2795 655 2868 -Episcopus
677 2791 855 2857 Veronensis,
879 2789 916 2847 de
937 2801 992 2861 qno
1014 2784 1063 2842 ad·
1114 2785 1287 2856 grationibus
1320 2791 1429 2858 acribus
1452 2801 1567 2852 tantum
1588 2811 1643 2854 non
1673 2801 1778 2870 penitus
1799 2801 1881 2870 uesieu,

258 2893 370 2954 modum
386 2907 470 2965 pauca
493 2899 565 2957 sunt,
590 2903 651 2961 qun
665 2896 739 2943 certa
760 2883 813 2940 ilde
832 2890 913 2953 atoue
934 2878 1061 2936 continua
1116 2878 1187 2934 ttttde
1202 2878 1337 2939 Verouam
1351 2885 1490 2944 erroribus
1510 2903 1640 2960 purgasse
1664 2900 1746 2964 utpute
1765 2894 1796 2950 ud
1815 2907 1881 2948 serm

260 3001 355 3044 rerum
380 2981 511 3038 memoris
533 2977 685 3036 traduntur.
722 2977 852 3041 luserunt,
882 2973 928 3044 qui
952 2972 1063 3027 nomine
1115 2971 1274 3043 religionem
1303 2977 1461 3046 perduxisse
1486 2980 1575 3039 dictus
1607 2993 1658 3041 est.
1683 2985 1775 3044 Eilecil
1802 3001 1882 3059 quoqu

261 3078 335 3136 docti
347 3077 472 3134 Graccum
488 3081 624 3145 putarent,
641 3081 668 3127 ct
682 3069 825 3142 Anonymc
840 3064 958 3139 quodum
973 3063 1062 3120 versi·
1117 3067 1207 3123 studio
1224 3069 1335 3140 illustri,
1348 3084 1376 3127 ιιι
1391 3089 1461 3132 noua
1475 3077 1591 3134 ecclesio
1602 3079 1743 3138 Veronae
1757 3081 1882 3138 ioodameo·

262 3174 375 3230 liculorc
389 3177 458 3226 teste
470 3167 548 3241 Syris
559 3163 714 3225 oriundum.
725 3159 1061 3231 Quorurubnrioietiucum
1076 3199 1100 3266 c
1116 3161 1151 3216 tis
1173 3171 1372 3232 exstrueretur,
1387 3167 1568 3242 primumque,
1586 3189 1616 3228 eu
1633 3185 1737 3246 apertu,
1751 3175 1883 3231 christiam-

260 3281 311 3340 per
326 3278 356 3321 se
369 3266 405 3319 sit
423 3263 489 3319 satis
508 3260 575 3316 levis
596 3266 676 3332 utque
695 3271 791 3335 parum
812 3253 1061 3314 communitatum
1115 3271 1175 3311 rum
1201 3268 1364 3316 conuentum
1386 3277 1522 3332 sermone,
1553 3267 1634 3324 etiam
1657 3282 1729 3326 nttnc
1756 3269 1883 3342 superstite,

263 3357 419 3430 infringitur
433 3357 512 3429 piane
526 3353 653 3411 dictionis
665 3367 766 3426 genere
778 3349 967 3423 lougepuriurl
982 3355 1064 3416 atoue
1115 3347 1264 3406 celebrauit
1287 3351 1386 3424 (Troct.
1414 3371 1468 3422 sur,
1492 3357 1510 3414 Ι.
1535 3357 1566 3432 ι).
1595 3361 1683 3434 Atque
1709 3361 1815 3436 primatu
1836 3360 1884 3414 loru

261 3451 395 3524 propiori,
413 3449 493 3521 quam
519 3447 631 3505 Grtecus
653 3447 735 3500 borno
753 3442 843 3500 studio
865 3443 971 3514 prisuto
985 3438 1063 3493 ride·
1114 3441 1199 3496 luisse
1213 3443 1355 3500 ecclesium
1370 3445 1484 3502 Veronae
1502 3448 1551 3506 bos
1567 3452 1593 3507 in
1609 3467 1676 3508 usus
1691 3452 1847 3517 uditicututo,
1861 3466 1883 3502 et

175 3559 181 3570 “
262 3554 517 3602 torcousecoturus
529 3541 625 3598 luisse.
641 3539 740 3597 Comra
765 3553 800 3595 es
823 3536 921 3593 eodem
936 3533 1000 3606 styli
1016 3547 1064 3588 co·
1116 3535 1212 3591 codem
1228 3537 1288 3607 ejus
1303 3553 1430 3598 seruroue
1443 3557 1496 3596 nou
1513 3543 1611 3614 injuria
1625 3551 1749 3604 doctores
1768 3555 1826 3600 astte
1844 3544 1884 3596 iou·

263 3641 323 3696 lore
337 3653 391 3694 ιιοιι
412 3637 544 3708 sluelure
557 3635 614 3693 sibi·
629 3635 767 3699 uidentur,
782 3633 828 3703 qtli
851 3629 1001 3687 ideutidcm
1023 3625 1064 3681 di·
1116 3625 1172 3681 dati
1187 3627 1343 3698 cortjiciont.
1371 3629 1474 3688 llorum
1501 3651 1533 3690 nc
1556 3637 1618 3692 vitoe
1641 3639 1765 3711 gnaviter
1782 3635 1885 3696 desecuit·

261 3731 382 3789 ctionem
396 3729 455 3801 cluss
477 3726 694 3799 depraedicsrout
718 3725 768 3780 uiri
793 3722 944 3780 doctissimi
964 3721 1067 3777 casuu-
1117 3729 1209 3776 custus
1242 3721 1462 3792 vigilantissimos
1495 3725 1564 3794 luit,
1592 3737 1620 3785 et
1642 3742 1766 3802 superest
1785 3739 1885 3786 tuccius

262 3826 363 3894 bouus,
379 3823 506 3881 Bnrtirios
524 3821 636 3893 aliique,
649 3819 806 3876 liricanom
828 3831 889 3873 euru
904 3815 999 3871 luisse.
1014 3817 1066 3869 st-
1118 3809 1221 3880 (Troct.
1237 3825 1283 3880 ss,
1300 3815 1319 3870 l.
1337 3817 1367 3886 r),
1392 3833 1445 3888 guo
1468 3818 1612 3889 plurimum
1630 3830 1694 3878 tuuc
1717 3823 1835 3894 teurporis
1853 3834 1885 3890 pu

264 3935 319 3993 qtte
334 3918 398 3974 ituic
411 3913 532 3988 opinioni
544 3912 678 3970 calculum
694 3911 850 3983 adjecerunt
864 3908 960 3964 iratres
977 3905 1066 3961 ilnlie·
1119 3905 1229 3961 ltaliam·
1240 3905 1430 3980 episcoporum
1450 3915 1575 3984 exemplu
1596 3907 1635 3985 'in
1649 3931 1698 3972 eos
1720 3916 1830 3976 intectus
1848 3922 1884 3975 ost,

264 4012 327 4068 rinii
340 4011 460 4067 editores
475 4022 508 4066 ex
524 4005 570 4062 Tr.
586 4006 618 4062 de
639 4003 752 4059 Arcadio
773 4009 885 4074 mortpre
902 3999 1067 4056 incasurus
1119 3999 1165 4067 gui
1187 3995 1333 4072 agaparum
1356 4005 1467 4063 nomine
1486 4005 1513 4063 iu
1529 4011 1779 4083 commessationes,
1793 4009 1885 4065 ebriem-

265 4103 435 4162 llauritaniae
468 4115 565 4172 passo;
599 4099 676 4170 curlus
701 4095 832 4152 memoria
859 4109 921 4150 cum
955 4105 1067 4162 prorsus
1118 4101 1173 4150 tem
1197 4109 1229 4151 sc
1246 4097 1439 4188 impudicitiam
1461 4102 1648 4161 abuterentur.
1675 4105 1802 4180 Imprimis
1819 4113 1886 4160 suteu

266 4195 338 4268 apud
360 4197 487 4266 antiquos
501 4193 592 4264 ignota
611 4191 659 4256 sit,
675 4189 736 4245 ilerl
751 4201 805 4244 nou
829 4186 952 4260 potuisse
974 4185 1068 4242 existi·
1120 4189 1256 4260 virginum
1270 4191 1440 4264 disciplinam
1458 4196 1493 4252 ab
1513 4213 1547 4254 eo
1570 4200 1706 4258 excultam
1721 4217 1788 4267 esse,
1801 4190 1855 4256 adeo
1867 4205 1888 4250 ut

266 4295 353 4356 munt,
366 4295 396 4342 ut
410 4284 575 4342 Veronensis
588 4297 633 4354 cp.
649 4287 722 4337 tastis
742 4295 804 4336 cum
825 4278 956 4350 religione
968 4279 1067 4334 natali·
1122 4279 1235 4350 ierouse
1258 4299 1311 4339 non
1331 4286 1422 4364 ‘solum
1438 4287 1557 4359 uirgines
1580 4291 1684 4359 esseut,
1707 4309 1768 4366 qum
1781 4291 1886 4366 pudicitie

266 4379 335 4435 tium
358 4377 418 4449 ejus
433 4377 506 4432 diem
529 4374 691 4441 celebraret,
715 4373 766 4428 nisi
791 4375 928 4445 praecipus
950 4368 1067 4442 oriudum
1119 4375 1259 4447 virginalis
1276 4379 1495 4438 uotoubstriclae
1524 4383 1551 4439 in
1581 4383 1707 4448 dsrmibus
1730 4387 1784 4444 suis
1803 4399 1886 4442 secun

268 4471 414 4528 deuotione
425 4469 513 4528 eidem
529 4468 626 4524 luisset
641 4465 766 4522 addictus
778 4473 860 4535 atoue
873 4463 941 4524 adeo
953 4463 1068 4520 tortasse
1121 4467 1250 4535 linerent,
1264 4469 1312 4524 sed
1327 4470 1409 4526 etiarn
1423 4487 1484 4542 que
1497 4473 1679 4546 uirginitatem
1702 4477 1822 4550 prolcsse
1833 4489 1888 4530 eom·

147 4626 151 4634 ,
193 4579 198 4590 ·
229 4590 240 4602 ·
269 4576 303 4622 es
318 4565 414 4621 eadem
435 4560 535 4620 111ιὶοω
562 4559 698 4633 prouincia
723 4557 871 4625 oriundus;
891 4556 1231 4652 ostendentesnmunem
1248 4559 1276 4615 in
1292 4564 1459 4620 monasterio
1474 4564 1555 4621 sitam
1570 4566 1713 4640 degerem,
1728 4566 1887 4628 erimbrosio

269 4658 350 4714 simul
375 4673 429 4714 uon
443 4658 561 4712 alienum
583 4673 598 4711 a
621 4653 862 4711 consuetudinibus
886 4651 1068 4707 Ecclesiantm
1123 4649 1234 4726 (Eunt.)
1258 4655 1429 4724 potissimum
1445 4661 1654 4732 cognoscimus.
1678 4663 1781 4732 Annus,
1795 4660 1887 4734 quotie

270 4749 426 4807 Occidentis
438 4748 533 4814 luisse,
550 4756 578 4802 ut
591 4746 734 4803 biricanos
749 4745 855 4802 meritis
878 4745 998 4815 insignes
1012 4744 1070 4815 epi·
1123 4747 1285 4813 excesserit,
1301 4757 1330 4804 ut
1348 4741 1464 4820 piurima
1479 4750 1538 4823 ejus
1551 4763 1637 4823 gestu,
1652 4755 1770 4812 incertos
1784 4765 1828 4811 est.
1846 4751 1889 4808 Plu·

270 4854 368 4916 scopos
383 4852 410 4899 et
424 4840 539 4897 clericos
551 4846 687 4905 crearent,
710 4853 760 4894 nec
783 4837 873 4893 utinus
888 4837 971 4903 moris
985 4835 1070 4891 luisse
1123 4840 1180 4894 cuii
1191 4839 1345 4897 Balleriulis
1371 4843 1425 4900 580
1439 4844 1481 4900 rel
1493 4844 1559 4912 cst,
1579 4855 1608 4902 ut
1621 4847 1689 4905 udeo
1706 4864 1753 4920 per
1773 4859 1846 4904 auitos
1857 4841 1886 4904 tl,

271 4935 459 5008 expeditiones
472 4934 500 4990 iu
511 4940 599 4988 terras
613 4931 717 4988 Orienti
730 4930 880 5000 suscipere.
904 4928 986 4985 iidem
1010 4929 1068 4999 epi·
1123 4929 1253 4989 Ecclesiae
1264 4931 1428 4991 Veronensis
1443 4937 1563 5006 regimen
1580 4939 1706 5007 tenuerit,
1720 4939 1787 5012 quod
1800 4936 1887 5006 sputos

178 5016 182 5025 ’
273 5043 386 5099 scopum
412 5041 473 5085 eum
501 5025 653 5082 ordinatum
680 5038 743 5081 esse
754 5033 831 5079 sexto
846 5021 908 5077 idos
919 5021 1072 5078 decembris
1123 5023 1281 5094 adomnia,
1295 5041 1354 5098 otus
1369 5035 1423 5082 turn
1437 5028 1551 5085 obscure
1566 5031 1730 5102 accepimus,
1745 5027 1847 5104 geronda
1857 5024 1889 5078 tir

166 5178 169 5185 ,
273 5135 345 5176 anno
360 5119 413 5176 563
442 5119 592 5188 (postremo
604 5115 717 5186 iuliani)
732 5115 865 5172 scribunt.
886 5112 1072 5184 luliauoergo
1122 5116 1191 5172 sutis
1206 5133 1333 5189 mugitum
1350 5119 1508 5189 putentiic
1529 5122 1667 5179 miraculis
1691 5132 1718 5182 et
1740 5121 1853 5196 uturtprio
1869 5116 1888 5170 it

273 5228 318 5269 urs.
333 5211 398 5278 563,
413 5211 468 5267 rita
483 5210 623 5278 defuncto,
640 5225 701 5266 cum
722 5209 867 5281 imperium
890 5209 925 5265 sd
948 5208 1071 5266 cassies
1122 5211 1251 5281 praesenti
1266 5207 1332 5267 nliril
1348 5211 1438 5270 dicere
1450 5213 1557 5271 attinet.
1573 5214 1616 5271 ΙΙΙι
1631 5216 1678 5289 qui
1699 5228 1781 5282 corut,
1796 5213 1889 5270 editores

272 5307 433 5379 religionem
445 5304 621 5360 christianam
635 5304 756 5359 lucentes
768 5303 867 5359 iterum
887 5312 960 5360 esset
979 5301 1072 5359 trudu-
1123 5318 1236 5374 operum
1259 5303 1319 5375 ejus
1333 5315 1360 5360 et
1380 5302 1481 5373 lonies,
1500 5306 1571 5364 uode
1587 5307 1625 5364 iili
1642 5309 1795 5372 ltauseruut,
1816 5301 1887 5362 adeas

272 5408 357 5467 ctum,
371 5399 436 5455 noui
449 5397 571 5453 muneris
582 5395 702 5467 auspicia
714 5395 814 5452 exinde
826 5394 980 5452 ielicissima
995 5395 1072 5452 Zeno
1122 5394 1259 5466 posterius
1272 5394 1390 5452 iabuiaut
1404 5413 1475 5464 esse,
1491 5399 1542 5470 ipsi
1555 5398 1693 5468 ballerinii
1710 5398 1812 5472 rrtajoris
1828 5405 1887 5465 quatu

273 5497 367 5569 coepit,
382 5500 413 5550 ut
428 5492 524 5562 partim
538 5505 668 5564 paganos,
684 5503 754 5562 quos
767 5489 925 5561 trequentes
938 5499 1002 5545 tuuc
1016 5487 1069 5545 ile·
1124 5485 1194 5544 iorte
1219 5501 1287 5559 opus
1302 5497 1360 5544 crat
1378 5503 1469 5561 operte
1483 5489 1622 5562 impendio
1644 5494 1783 5564 probutoru
1796 5491 1886 5546 iterum·

271 5605 347 5647 ronse
359 5589 443 5644 luisse
456 5584 604 5643 uerisimile
622 5593 674 5651 cst,
696 5585 793 5655 purtim
809 5583 935 5651 Arianos,
959 5583 1005 5655 qui
1020 5583 1071 5640 sttb
1160 5579 1220 5654 511.
1236 5581 1351 5654 Scripta.
1367 5613 1403 5625 -—
1417 5582 1485 5655 Ejus
1503 5595 1640 5657 supersunt
1662 5586 1796 5644 Sumeret
1815 5579 1888 5651 longis

272 5681 441 5751 Constantio,
456 5679 557 5737 iuliani
577 5679 791 5751 predecessore,
807 5677 957 5735 catbuiicos
979 5679 1007 5734 in
1030 5677 1071 5735 iris
1121 5689 1163 5729 res
1177 5690 1231 5740 ιιι,
1248 5675 1402 5732 breuiuscoii
1416 5691 1537 5734 ussurus.

272 5773 429 5845 regionibus
444 5788 513 5845 pene
525 5779 735 5844 oppresserant,
748 5771 914 5840 adoriretur,
930 5785 1000 5843 ottus
1010 5785 1071 5843 par·
1159 5766 1174 5842 fi
1189 5767 1233 5824 ill.
1248 5767 1394 5826 Editicnes.
1405 5799 1443 5813 --
1454 5773 1525 5829 bute
1545 5769 1707 5834 ballerinios
1729 5769 1817 5828 iratres
1829 5773 1887 5824 nemi

274 5864 323 5925 lim
344 5863 534 5927 incendiasse
549 5864 676 5926 adddeut
698 5864 844 5943 conuertit,
865 5864 961 5942 partim
984 5865 1058 5947 impr
1125 5863 1184 5936 luit,
1206 5867 1250 5944 oui
1267 5867 1382 5930 benetie
1400 5869 1508 5952 zenone
1522 5871 1654 5938 metuisse
1665 5871 1717 5939 diei
1737 5877 1828 5952 posset.
1841 5859 1888 5922 lilii
