3950 6317
60 295 103 352 tut
522 283 632 354 cisia
652 286 882 354 mutationis
899 288 1212 358 caacatctttttttsts.
1618 303 1689 364 taus

60 413 155 483 spiere
170 403 299 481 solertim
324 409 352 468 ld
365 419 428 468 ante
449 410 539 467 omnia
554 417 729 478 servaturas,
753 419 783 468 ttt
805 421 837 467 ct
851 409 874 470 ,i
890 411 1016 481 quonlam
1030 413 1147 472 libenter
1158 423 1300 472 assensum
1316 415 1412 473 tribuit
1422 413 1568 476 clementis
1582 422 1687 491 princi·

60 519 94 560 me
107 505 184 562 circa
195 503 360 562 catholicam
375 503 461 576 legem
475 503 518 560 rei
530 501 594 559 oiim
608 502 744 559 ordinarit
763 500 835 559 anti·
887 500 1009 580 palis‚ct
1020 506 1166 562 concillum
1181 507 1239 564 ilcrl
1255 509 1323 564 intra
1337 508 1456 568 siricam
1472 513 1625 570 uniuersale
1637 515 1686 572 dc·

60 597 136 660 ritas,
153 597 197 654 rei
211 604 351 668 parentum
367 604 521 653 nostrorum
544 595 692 654 auctoritas
710 593 836 667 religiosa
887 593 972 650 crevit
986 595 1126 669 arduaque
1139 601 1223 670 partis
1240 599 1407 673 (lamudam
1421 604 1523 660 metor
1534 605 1685 680 episcopis)

60 689 199 757 sustituit,
223 688 265 745 aci
282 699 375 746 nostra
396 691 528 747 serenitas
548 689 706 758 roboravit,-
730 689 836 745 novella
886 686 961 759 iusta
973 691 1157 759 poscentibus,
1169 693 1232 749 ltoic
1244 705 1289 752 ms
1299 697 1477 768 disputationi
1490 702 1614 774 principe
1624 701 1687 760 loco

60 783 214 854 ibrcptioue
230 781 276 857 (is
290 783 355 840 cod.
374 778 473 840 Tleed.
487 782 697 856 superstitione)
712 784 835 842 submota
886 779 1004 852 judicem
1020 784 1105 840 voluit
1120 785 1252 844 residere.
1276 789 1355 848 Unde
1366 801 1482 850 cunctos
1503 805 1552 867 per
1563 794 1686 855 Atriam

63 885 140 946 tegra
156 885 187 932 et
199 873 325 932 larioiata
341 875 480 933 casmdiss
491 875 536 947 (ln
548 873 613 932 Cot.
630 867 731 931 litut.
745 881 837 934 eusc-
888 881 943 930 tata
955 874 1102 932 catholice
1113 887 1194 949 qaam
1206 877 1364 940 llumtlaaae
1379 885 1464 956 partis
1476 887 1620 960 episcopos
1632 888 1685 946 bu·

64 969 86 1024 ri
103 967 281 1041 praecipimus
292 971 313 1040 l.
337 967 373 1026 Ut
394 981 460 1025 sanc
479 969 641 1026 tdminioula
655 969 837 1041 competentia
886 965 931 1040 jot
945 966 1029 1025 edicti
1042 977 1332 1043 tenerescentium,
1356 982 1387 1032 ut
1401 977 1472 1034 inira
1493 987 1602 1054 teuapus
1623 983 1685 1056 iege

60 1063 144 1118 :tibus
168 1063 221 1118 tuls
243 1063 340 1121 deame
359 1077 412 1119 non
434 1063 557 1134 possint,
579 1061 654 1120 riros
674 1060 837 1136 spectabiles
888 1063 1095 1135 praescriptum,
1119 1062 1146 1119 itl
1159 1065 1411 1138 estiatracuatcor
1425 1082 1550 1143 meuses,
1565 1074 1611 1147 qui
1627 1075 1687 1134 dies

60 1155 229 1212 oconsulom
244 1165 324 1229 atquc
345 1157 476 1214 moenum
499 1155 633 1214 aaronica
647 1164 739 1213 nostra
760 1169 836 1214 com·-
889 1154 959 1211 intra
974 1155 1047 1213 diem
1061 1155 1239 1215 kalendarum
1252 1159 1396 1217 luniamar
1409 1163 1687 1226 unedubioconolu·

62 1251 154 1316 orauit,
170 1249 233 1306 utsi
247 1250 417 1322 propriarum
431 1249 593 1324 mealtatutn
610 1257 710 1308 statuta
725 1248 838 1322 cupiant
889 1245 978 1316 detor,
991 1248 1356 1321 adeisltstcmspicndidam
1367 1251 1609 1328 &moranensem
1622 1275 1688 1318 oon·
1758 1313 1762 1320 .

60 1343 174 1412 ninere,
195 1341 218 1399 sl
240 1342 438 1415 spptrltionem
461 1352 537 1400 suam
558 1349 680 1402 catrems
700 1343 838 1401 declinare
889 1340 945 1398 eiiii
960 1339 1077 1400 beieadi
1093 1343 1342 1417 montesecuro
1355 1345 1561 1420 nortdtdermt,
1576 1363 1612 1409 oe
1625 1363 1687 1410 mm

60 1437 181 1510 rppiicia‚
197 1445 252 1494 cm
263 1447 296 1494 ea
309 1435 427 1510 propriis
440 1437 555 1507 ciliciis,
570 1450 652 1510 quam
669 1448 703 1495 ex
716 1439 837 1495 omnnium
889 1441 996 1507 partera
1011 1433 1046 1493 de
1059 1438 1158 1494 meritc
1170 1439 1290 1511 proprie
1314 1439 1378 1497 tidel
1399 1453 1529 1513 appareat
1549 1443 1688 1516 judicasse

60 1535 157 1593 nlicom
172 1531 472 1607 appetitionefabnndc
485 1535 655 1592 necessarios
671 1529 771 1592 iaciant
791 1533 839 1591 de·
890 1525 923 1601 (l.
940 1527 1104 1603 dubitasse),
1120 1541 1202 1603 uuam
1214 1529 1335 1590 tumbae
1346 1534 1509 1592 constiterit.
1533 1533 1685 1597 Universos
1719 1583 1723 1588 .

60 1629 134 1687 utari.
148 1625 209 1684 liris
220 1627 276 1699 lam
291 1625 480 1684 solicitudinis
503 1635 566 1697 tae,
586 1625 688 1699 siquid
706 1627 762 1685 ulla
777 1638 839 1700 cop·
894 1621 975 1679 etlrm
984 1631 1143 1681 conobrem
1151 1625 1691 1706 modadlrnmomttoresmaplstratus

60 1724 146 1780 everis
171 1727 231 1778 arta
252 1717 377 1789 ditierri,
392 1719 484 1777 missis
497 1719 675 1778 relationibus
697 1719 837 1788 indicare,
896 1723 924 1773 et
938 1717 1043 1776 mdlnls
1054 1720 1139 1789 siros,
1150 1731 1256 1778 amnon
1269 1727 1297 1777 st
1309 1729 1426 1792 totores,
1437 1727 1691 1796 procuratoremve

60 1825 65 1872 i
78 1815 250 1888 negligentes
270 1813 363 1886 puniat
386 1810 466 1885 digna
488 1811 632 1870 correctio.
655 1810 754 1870 Omnia
773 1822 840 1870 unc
854 1808 879 1875 B
892 1811 1015 1870 seniores
1027 1807 1196 1887 singulorum
1207 1815 1341 1886 locurum,
1352 1817 1414 1890 pati
1429 1817 1692 1878 admouittouecou·

60 1925 97 1966 noc
118 1907 212 1966 reiirr
235 1919 317 1965 unum
339 1905 474 1980 episcopis
496 1907 669 1981 congregatis
690 1905 839 1979 disputatio
892 1905 995 1977 reolo,
1018 1909 1070 1966 sub
1091 1909 1210 1982 proprie
1229 1911 1441 1971 existimationis
1458 1911 1599 1987 dignitatis
1613 1925 1692 1974 reatu

60 2003 172 2075 impleta
187 2001 350 2070 temerarit,
367 2001 409 2058 tel
423 1997 617 2058 desistentibus
633 1997 702 2056 iortc
715 1999 842 2057 statuerit
892 2000 1043 2072 salutisque
1056 2002 1197 2075 portentu,
1211 2008 1346 2076 quatenos
1360 2007 1390 2064 iu
1402 2007 1557 2066 civitatibus
1571 2009 1693 2081 iocisque
1781 2023 1785 2028 ’

60 2101 110 2156 iren
119 2105 296 2154 contumaees
307 2095 360 2152 iata
372 2097 518 2165 sententia,
533 2105 559 2151 te
570 2091 674 2151 reicrre
686 2093 840 2162 conueniet3
892 2093 920 2150 in
936 2093 1199 2167 quibuscousistont
1213 2099 1454 2172 utriusquepartis
1467 2102 1610 2176 episcopos
1624 2115 1691 2161 coa⁴

60 2201 67 2248 t
82 2191 147 2264 quid
163 2189 198 2247 ad
210 2187 423 2248 miidrmondam
437 2187 605 2245 tbtbolicam
621 2185 702 2244 iidem
716 2196 840 2260 praecep·
892 2190 1006 2261 reniae,
1031 2191 1075 2248 tel
1090 2191 1142 2250 sub
1156 2201 1293 2267 gestorum
1307 2193 1498 2267 coniectione,
1518 2198 1564 2254 ‚tel
1579 2197 1631 2255 sub
1644 2211 1695 2255 cu·

62 2293 187 2340 otaostra
213 2281 378 2355 pretorem,
402 2279 519 2338 celerius
534 2277 839 2353 possimosapnoscere.
891 2281 1004 2356 luslibet
1024 2285 1167 2356 scripture
1188 2287 1516 2358 documentccxstaute,
1541 2287 1694 2347 iestincuta

60 2375 75 2431 it
96 2375 185 2431 lisina
206 2391 297 2431 otono.
316 2373 393 2441 lale,
416 2369 571 2430 iiarcclllne
591 2371 730 2429 tarbsime
750 2369 841 2428 nobis.
894 2375 932 2432 ita
945 2383 974 2432 ut
987 2375 1010 2432 sl
1024 2373 1125 2448 ipsein
1139 2385 1263 2451 tempore
1275 2375 1303 2436 in
1316 2377 1474 2438 ciuitatibus
1487 2392 1544 2438 nota
1556 2383 1696 2455 potueriat

60 2481 107 2527 tata
121 2465 677 2542 pridieitinstlctobriallarcnnae.Varcne
689 2465 843 2524 V.G.Cott·
894 2465 1030 2539 insertiri,
1053 2479 1180 2542 perrara
1193 2471 1276 2529 etiam
1291 2473 1450 2545 permittitis
1465 2481 1521 2531 tam
1545 2475 1697 2548 imperialis

60 2565 101 2621 ule
117 2560 293 2638 (Consulatus
306 2577 337 2620 rc
347 2559 412 2620 cot.
427 2557 526 2618 litut.
538 2558 677 2635 adjectus).
895 2561 1024 2637 precepti
1038 2561 1135 2635 torma,
1151 2579 1232 2638 mam
1248 2573 1328 2624 tenor
1339 2565 1421 2639 butus
1434 2565 1589 2626 innotescat
1600 2567 1695 2638 edicti,

80 2655 106 2713 5.
132 2655 306 2714 ilorcetlinua
325 2653 363 2712 rlr
378 2652 535 2712 clarissimus
555 2651 671 2710 rdinum
686 2659 711 2709 et
728 2651 845 2707 notarim
895 2661 1030 2728 qrtatenus
1052 2656 1125 2715 intra
1146 2654 1197 2716 bos
1210 2666 1327 2732 quatuor
1344 2671 1454 2718 mentes
1469 2661 1596 2719 ordinum
1620 2661 1695 2720 rela-

60 2751 120 2806 lim't.
138 2749 264 2808 Recitata
279 2743 442 2806 aenemltlts
456 2747 499 2804 lex
513 2745 597 2818 pestis
612 2743 791 2816 praesentibus
804 2741 845 2800 in·
896 2749 972 2808 tione
987 2762 1170 2821 cognoscam.
1195 2748 1363 2824 singularum
1379 2753 1497 2824 partium
1514 2753 1694 2812 roluntatcm.

61 2853 169 2916 oratur,
195 2841 273 2918 onius
294 2843 417 2902 delinitio
439 2841 580 2900 ertdcnter
602 2839 746 2914 apparuit,
772 2833 851 2897 unde
896 2837 963 2899 illud
978 2843 1059 2900 etiam
1073 2841 1315 2903 stlreilonatlsmc
1329 2843 1414 2919 partis
1426 2846 1571 2920 episcopos
1584 2847 1657 2918 solo,
1672 2847 1697 2906 si

60 2955 117 2996 turae
132 2935 285 2997 edictorum
307 2949 429 2994 meorum
445 2949 493 3008 per
505 2933 628 2991 ordinem
643 2933 727 2990 torma
744 2933 844 2990 accite·
896 2932 956 3008 quis
968 2947 1062 2992 eorum
1073 2933 1218 2993 ablutorum
1234 2949 1264 2995 se
1274 2949 1336 2995 csse
1349 2937 1531 3011 responderit,
1543 2937 1697 2997 Ecclesiam

61 3045 90 3088 nr
103 3031 182 3107 (top.
198 3027 299 3088 Brseie.
314 3029 408 3086 Collut.
427 3029 439 3084 l
456 3027 518 3095 ttici,
533 3039 556 3085 o.
572 3025 613 3100 Ξ).
896 3028 948 3086 sibi
964 3028 1091 3100 primitus
1103 3045 1165 3087 cunt
1180 3031 1255 3087 omni
1266 3029 1329 3102 iure
1342 3046 1393 3089 suo
1406 3047 1467 3104 quc
1483 3032 1553 3089 iorte
1566 3048 1583 3089 a
1598 3029 1697 3090 curuo

83 3123 215 3182 liertiniis
238 3131 360 3194 exceptor
380 3119 504 3188 redtulit,
532 3117 602 3188 Quid
617 3115 845 3176 clementissimus
895 3117 955 3176 licis
966 3118 1045 3192 torta
1060 3129 1227 3193 praeceptum
1242 3121 1383 3195 imperiale
1397 3121 1546 3195 reddetur,
1567 3122 1628 3183 sine
1642 3121 1695 3182 all-

61 3217 173 3290 uinceps
190 3215 319 3273 dominns
341 3223 433 3269 noster
449 3211 583 3269 lionorins
597 3225 648 3284 pro
661 3209 802 3266 eatltoiicec
815 3209 845 3265 fl·
859 3213 882 3278 c
898 3223 951 3284 qua
965 3209 1097 3270 dilatione
1112 3229 1162 3286 pcr
1175 3211 1248 3272 uiros
1262 3213 1365 3273 ordinis
1384 3227 1448 3273 moa
1468 3216 1630 3276 tradendam
1642 3215 1697 3292 (6).

61 3311 91 3368 lei
113 3307 322 3368 coniirmatione
342 3305 512 3374 decreuerit,
539 3303 719 3362 antelaturum
739 3303 846 3374 apicum
898 3305 927 3366 Si
942 3319 1009 3365 aero
1023 3321 1121 3367 omnes
1134 3311 1177 3366 rei
1191 3309 1290 3383 singuli
1312 3311 1340 3368 in
1354 3310 1421 3368 locis
1434 3310 1493 3369 suls
1508 3311 1590 3384 positi
1603 3325 1634 3369 ee
1649 3311 1699 3369 ap.

62 3415 141 3460 onore
155 3403 342 3460 monstratur:
367 3397 530 3472 iepationent
551 3396 685 3468 siquidem
701 3391 846 3452 venerabi·
898 3398 1004 3458 tuturos
1016 3417 1079 3459 esse
1098 3404 1308 3476 responderint,
1334 3414 1361 3462 et
1374 3403 1512 3464 Ecclesiae
1535 3415 1563 3463 et
1583 3419 1615 3464 ea
1636 3407 1699 3464 loca

61 3496 113 3552 ium
125 3496 316 3569 episcoporum
332 3493 445 3549 libenter
456 3491 592 3562 accipiens
603 3489 722 3545 Africam
736 3501 785 3545 suo
799 3487 848 3545 de·
896 3505 959 3564 quae
972 3506 1070 3552 eorum
1093 3493 1180 3554 inisse
1193 3495 1239 3553 aei
1251 3508 1301 3554 cos
1321 3497 1441 3555 tenuisse
1454 3497 1627 3568 corastiteait,
1649 3513 1699 3572 per

61 3599 135 3646 itiam
149 3598 262 3660 tempe?
275 3585 390 3658 imperio
406 3584 480 3642 ”¹5⁰
495 3583 657 3657 sentimum
669 3594 772 3654 penore
787 3579 847 3637 dilt-
897 3589 1117 3660 supradictorum
1131 3587 1257 3647 ordinum
1281 3589 1439 3648 instantiam
1454 3603 1549 3649 eorum
1566 3591 1623 3665 luri
1644 3591 1694 3650 do·

63 3685 101 3740 ius
114 3683 258 3758 inquietari
275 3679 481 3752 decolorarique
495 3681 552 3735 nort
565 3691 660 3749 passus
673 3685 732 3734 est:
756 3673 847 3733 studio
898 3681 1039 3755 minioque
1061 3681 1220 3752 reddenda,
1246 3689 1278 3740 ut
1296 3683 1442 3742 relormalo
1456 3681 1553 3743 lisdem
1574 3685 1700 3757 primitus

62 3792 164 3852 temque
179 3777 256 3852 pacis
271 3783 298 3834 et
313 3773 377 3832 iidei
391 3783 527 3830 tantorum
548 3771 660 3830 dissidia
685 3769 845 3843 populorum
898 3785 990 3847 statu,
1012 3779 1204 3851 disputationis
1220 3779 1364 3837 inchoetur
1375 3779 1495 3837 initium.
1520 3779 1556 3837 tta
1570 3779 1699 3854 quoniam

62 3887 82 3927 tr
95 3873 204 3946 atttiqtta
218 3870 395 3943 persuasione
407 3869 543 3926 venientia
556 3865 678 3925 ueritatis
691 3866 776 3924 noluit
789 3877 847 3922 ma·
898 3867 965 3928 tanti
979 3869 1046 3928 mibi
1061 3873 1161 3944 negotii
1175 3886 1310 3930 summam
1326 3871 1499 3930 committere
1512 3873 1597 3930 roiuit
1610 3887 1695 3945 angu-

62 3965 224 4023 tilsstnliene
237 3965 346 4032 sedati,
373 3969 404 4021 at
423 3979 492 4036 qnos
507 3962 605 4020 sedare
621 3959 815 4033 principalibus
831 3975 846 4014 a
898 3959 1037 4020 stissimus
1049 3963 1196 4037 princeps,
1220 3961 1288 4021 tllud
1303 3979 1348 4021 me
1360 3979 1468 4038 qnoque
1482 3965 1570 4023 iatcor
1581 3964 1698 4024 libenter

62 4071 79 4113 ie
101 4057 289 4116 sanctionibus
311 4056 463 4129 pmrossatir
483 4069 515 4112 ac
536 4053 608 4111 trabi
629 4050 662 4110 aul
684 4064 765 4109 unum
784 4051 847 4108 idei
899 4054 1043 4128 accipere,
1069 4065 1100 4114 ut
1112 4057 1135 4114 st
1148 4055 1183 4115 de
1199 4069 1258 4114 mea
1273 4069 1390 4128 persona
1402 4055 1505 4131 aliquid
1517 4057 1698 4116 cunctationis

62 4155 211 4209 tentantium
225 4165 278 4208 non
297 4161 377 4222 posse
392 4147 527 4222 persidit,
552 4147 643 4205 babila
667 4155 846 4218 utrarumque
899 4147 1021 4219 adorior,
1035 4147 1119 4207 alium
1133 4163 1240 4207 mecum
1253 4146 1372 4223 judicem
1387 4163 1467 4223 ornem
1482 4149 1536 4222 ipsi
1549 4151 1700 4224 delegerint

63 4245 163 4302 tartltnn
175 4243 374 4316 disceptatione
385 4251 536 4300 reuocaret.
552 4242 668 4298 Cuttctos
679 4241 777 4298 etenim
793 4247 846 4297 tam
899 4241 1059 4300 Donatiauc
1076 4242 1159 4316 partis
1173 4253 1201 4300 et
1215 4241 1296 4313 lidei,
1316 4243 1360 4301 rei
1381 4245 1530 4317 superioris
1544 4243 1587 4302 tei
1600 4243 1700 4303 sitniiis

63 4337 198 4398 iatboiicc
209 4349 289 4412 quam
301 4337 456 4394 ilonatiante
470 4335 554 4408 partis
564 4335 706 4407 episcopos
720 4337 747 4392 in
761 4347 846 4392 unum
899 4333 1038 4405 tiipnitatis
1060 4336 1182 4392 residere
1203 4349 1257 4392 non
1279 4335 1408 4392 abnuam.
1435 4335 1500 4394 Sive
1522 4344 1613 4394 antem
1632 4350 1695 4393 corn

63 4431 135 4489 mlult
149 4429 324 4505 congregari,
339 4435 369 4487 ut
381 4429 459 4486 iectls
469 4429 504 4484 ab
516 4437 628 4500 uimque
644 4435 720 4500 parte
734 4427 846 4501 petitio
900 4427 955 4487 aiio
969 4431 1028 4487 sire
1042 4429 1118 4488 solus
1131 4427 1160 4487 ln
1175 4427 1228 4486 itoc
1244 4431 1353 4502 negotio
1371 4428 1541 4501 iudicaturus
1563 4433 1696 4502 interero,

63 4523 123 4580 ibus
134 4525 214 4592 siris,
225 4533 308 4582 certae
324 4521 387 4580 lldei
400 4521 514 4580 actitata
528 4519 662 4586 discussa,
678 4520 848 4592 superstitio·
900 4521 969 4581 nihii
985 4523 1058 4581 aliud
1073 4539 1134 4591 me,
1157 4525 1208 4580 nisi
1221 4519 1294 4594 qood
1306 4519 1485 4594 allegationes
1498 4518 1700 4595 partiumexa'·

64 4633 112 4674 tem
130 4621 201 4676 ratio
215 4615 359 4676 maniiesla
371 4615 536 4674 contineat:
561 4623 695 4687 quatenus
716 4612 845 4687 qutcpuld
858 4604 885 4668 D
899 4617 1010 4674 minuatne
1025 4617 1164 4689 potuerint
1180 4615 1369 4672 demonstrare
1382 4623 1411 4672 et
1422 4615 1494 4686 quoti
1510 4617 1566 4673 teri
1581 4618 1695 4676 insece·

64 4711 116 4768 iinti
129 4726 171 4770 est
185 4713 258 4785 qued
271 4709 320 4785 pro
329 4711 385 4768 suis
397 4707 521 4783 partibus
531 4709 648 4766 aesiitntt
662 4709 847 4780 unusquisque
899 4711 935 4771 rit
950 4711 1036 4783 ides,
1053 4728 1102 4783 per
1116 4709 1278 4768 admirabile
1292 4710 1453 4784 mysterium
1470 4707 1628 4779 Trinitatis,
1651 4725 1701 4782 pec

64 4814 130 4862 losse
142 4811 316 4878 competere,
330 4803 481 4876 proteratur
494 4801 520 4858 in
534 4801 672 4869 merlinum,
691 4809 719 4858 et
731 4801 772 4857 sic
783 4812 844 4872 per·
900 4803 1099 4862 lutcernationis
1109 4802 1253 4861 dominice
1266 4809 1478 4874 sacramentnm,
1487 4811 1516 4860 et
1526 4817 1574 4875 per
1583 4801 1701 4859 salutem

64 4906 151 4966 nnnc,
169 4897 215 4954 rei
228 4911 307 4964 sero,
323 4893 386 4952 idei
400 4895 446 4951 lua
459 4895 600 4952 clarescat.
622 4891 749 4952 Cortona
761 4893 847 4964 siqui·
900 4903 1196 4969 supramemoratorum
1209 4894 1362 4967 principum
1383 4892 1567 4966 judicaturum
1582 4907 1626 4950 me
1638 4907 1701 4952 esse

63 4989 113 5046 letn
127 4989 365 5063 utriusquepartis
379 4989 475 5061 petitio
488 4987 522 5046 ad
537 4987 607 5045 bene
620 4987 772 5059 principem
788 4996 849 5044 ten·
902 4991 1042 5065 promitto.
1072 4989 1130 5048 ileo
1152 4985 1228 5048 iiiam
1249 5003 1316 5048 sane
1339 4997 1441 5060 partem
1466 4986 1542 5063 potul
1565 4989 1699 5061 relicere,

64 5087 163 5143 entiam
187 5085 352 5158 provocarit.
377 5081 445 5140 Nato
467 5083 539 5140 sicut
560 5079 737 5138 acatholicis
758 5095 848 5152 nuper
901 5095 1036 5161 quamtus
1049 5085 1175 5144 noverint
1188 5085 1246 5143 sire
1261 5098 1310 5160 pro
1322 5081 1491 5154 Dentatistis,
1507 5083 1566 5142 site
1581 5097 1631 5157 pro
1645 5083 1699 5140 Ca·

64 5179 162 5236 :citatio
175 5179 309 5250 pustultlt
322 5185 382 5248 sat;
407 5177 447 5234 tic
459 5184 523 5234 anm
536 5175 726 5233 brmtssimum
739 5185 847 5259 tempos
903 5179 1012 5238 tholtcis
1027 5177 1108 5238 loerlt
1120 5178 1176 5236 lata
1190 5177 1347 5248 sentemio,
1370 5177 1398 5234 in
1413 5175 1489 5234 notio
1501 5189 1531 5233 se
1544 5175 1699 5232 corruitura,

64 5269 253 5331 donatistarum
264 5273 407 5344 episcopos
419 5273 445 5327 ln
456 5267 716 5343 ludlclciilustricm
729 5277 848 5340 potesta·
902 5289 962 5333 rum
976 5275 1118 5347 episcopos
1128 5273 1244 5346 aliquam
1258 5271 1410 5329 molestiam
1424 5284 1486 5328 esse
1498 5281 1637 5341 passuros,
1649 5265 1699 5325 sed

65 5379 111 5421 ,unt
140 5367 312 5425 collationem
337 5364 490 5438 postulasse
514 5379 568 5422 non
590 5363 703 5421 dubium
728 5369 780 5420 est.
812 5361 849 5420 Et
902 5363 1025 5432 liberos,
1051 5374 1078 5423 et
1092 5365 1127 5422 ab
1140 5363 1215 5422 omni
1232 5362 1338 5436 iniuriae
1352 5374 1452 5434 genere
1465 5361 1570 5416 alienos
1584 5358 1618 5415 ad
1633 5373 1698 5432 pro-

91 5485 128 5560 (6)
144 5481 286 5542 lienteriam
301 5483 350 5540 sibl
363 5485 493 5556 primitas,
509 5493 561 5542 etc.
577 5479 606 5542 ld
621 5495 780 5540 conoessum
794 5481 847 5537 ilo-
898 5483 1061 5556 astipulatur
1074 5485 1157 5542 etiam
1172 5483 1231 5554 ipse
1243 5478 1417 5537 liarcetiinus
1429 5479 1459 5536 in
1470 5478 1560 5536 edicto
1572 5476 1637 5560 dato
1650 5479 1700 5536 ad·

65 5561 160 5614 antistis
177 5573 191 5611 a
209 5555 366 5614 tiareeltlno
380 5557 439 5612 sine
460 5559 537 5626 jussu
559 5553 733 5626 imperatoris
752 5551 848 5608 scribit
898 5571 995 5614 versus
1010 5555 1166 5612 botamistas
1188 5557 1250 5626 post
1269 5551 1454 5607 collationem.
1482 5547 1615 5606 Ecclesiae
1630 5567 1696 5622 poor

65 5625 166 5699 irtgcst.
181 5631 208 5687 in
222 5629 302 5684 brer.
316 5627 387 5684 Goii.
402 5627 456 5683 tiiai
466 5628 494 5694 i,
506 5643 532 5684 o.
548 5629 576 5684 ἱ.
601 5625 634 5682 ln
648 5641 679 5682 cc
693 5623 776 5680 edicto
792 5623 846 5678 llo·
898 5633 935 5684 eis
957 5627 1115 5683 inmonitate
1132 5641 1189 5679 mco
1204 5619 1451 5748 obspofflert'oii
1472 5630 1599 5702 precepto
1617 5637 1699 5689 omaro

65 5701 139 5756 titirus
152 5704 206 5756 aitte
217 5700 336 5774 justione
347 5699 509 5770 t'ntparotoria
521 5699 633 5754 reddidit
647 5694 794 5754 Donatistis
803 5695 847 5762 otti
898 5701 933 5756 au
947 5700 1016 5756 ditat
1030 5697 1161 5758 uolcotiae
1174 5703 1276 5752 constal
1364 5701 1413 5750 los.
1438 5686 1699 5749 camoiserstmdere

65 5785 83 5823 te
94 5773 274 5843 pollicerentur
286 5787 339 5826 crac
354 5779 489 5835 celaturos,
504 5779 532 5824 ul
545 5787 575 5826 eo
591 5770 665 5824 strutio
681 5784 724 5823 cot
735 5765 770 5822 αδ
785 5783 847 5822 cota·
898 5771 954 5828 sr'tte
969 5771 1024 5828 ctio
1040 5765 1164 5825 dilatione
1176 5763 1309 5840 (atinent.
1329 5763 1475 5824 [ictuatus.

66 5841 187 5898 ferendum
207 5839 286 5899 etium
300 5841 428 5914 beneficiis
441 5839 565 5896 itmitorei.
592 5837 760 5898 Testimonio
774 5833 844 5908 Aug.
