3950 6317
256 340 309 398 tas
855 329 1013 389 tttstohtt
1035 329 1312 390 oohattsttntttt.
1804 345 1835 403 ttt

253 463 338 510 tatum
361 461 419 518 est,
434 459 461 506 et
475 449 582 524 quidam
596 463 702 515 eorum,
723 464 837 522 quorum
860 453 914 508 vila
939 451 1089 514 maculisll
1141 453 1210 522 Quid
1223 466 1281 524 poet
1300 454 1426 528 synodum
1442 455 1586 511 hoinmmn
1603 459 1629 510 in
1646 458 1723 528 :lirim
1734 471 1837 531 pertun.-

252 548 392 620 inquioata
415 555 491 609 erat,
512 532 659 601 secundum
680 545 753 618 leges
768 545 802 602 ab
825 549 931 602 actione
950 547 1051 618 repulsi
1105 543 1168 602 Post
1194 545 1265 602 istud
1289 547 1420 617 judicium
1439 548 1595 619 corungissc
1622 558 1696 622 puto,
1718 554 1839 622 quadrienni

252 647 325 697 sunt.
337 637 361 695 Δ
375 639 480 696 cereris
493 639 636 708 quaesitum
652 649 680 694 ut
695 649 779 695 testes
790 650 817 696 et
832 641 1009 711 probationes
1024 642 1051 697 iu
1103 634 1234 710 Optatus,
1260 637 1308 694 lib.
1336 655 1360 707 t,
1377 637 1391 712 5
1414 637 1460 705 26,
1484 641 1525 696 his
1537 641 1627 696 rerhis
1641 657 1649 697 :
1674 639 1756 698 tmen
1770 657 1840 718 tmpus

252 729 425 788 cecilianum
448 730 644 801 producerent,
663 740 719 789 tum
735 730 772 789 illi
792 733 857 789 nihil
873 735 898 788 in
914 750 975 790 enm
991 750 1052 805 pro-
1105 727 1173 784 t'dt’m
1191 728 1308 786 hortano
1330 731 1421 803 petiit,
1445 739 1472 784 nt
1486 735 1507 785 er·
1523 733 1614 786 reterri
1629 732 1740 800 licuisset,
1758 743 1841 794 urunt

251 827 501 899 ierrepotuerttn13
519 828 567 883 sed
589 826 616 882 id
633 835 736 882 tantum
754 827 908 899 allegavcre
930 825 1052 886 Creeilia-
1104 822 1287 896 Carthepinern
1300 824 1441 882 accederet.
1460 823 1533 881 Tunc
1547 843 1563 880 ιι
1575 825 1714 894 1ἰ’1ιιιιιι“ιιο,
1727 827 1844 902 superpone

251 937 316 979 num
347 922 382 980 alt
402 920 528 977 universa
558 918 635 991 plebe
663 918 868 993 Carthaginensi
895 931 1051 978 accusatum
1103 917 1169 989 ejus,
1185 919 1334 990 imperatori
1348 930 1496 993 arepertum
1511 928 1599 990 est,ut
1617 920 1681 976 lonc
1700 922 1845 990 prostratr-

250 1013 345 1070 iuisse.
358 1011 394 1070 ht
402 1010 508 1083 judices
529 1009 609 1083 lintius
625 1013 806 1069 accusationis
819 1029 879 1086 quae
902 1013 1052 1070 tumultuo-
1102 1030 1152 1069 nrrs
1166 1012 1264 1070 Brixiae
1284 1015 1457 1069 retineretur:
1473 1023 1496 1070 ιι
1516 1014 1751 1086 [detumescitis
1767 1016 1846 1088 daupi

250 1110 288 1163 sis
298 1107 385 1164 solum
397 1106 582 1174 clamoribus,
603 1106 677 1162 nulla
695 1105 920 1163 documentorum
938 1116 1052 1164 attestu-
1102 1105 1173 1178 scopi
1194 1107 1229 1160 orl
1248 1103 1363 1178 Apicum
1376 1107 1447 1162 rrrissi
1458 1117 1530 1172 sunt,
1553 1103 1730 1162 Eunomiuset
1747 1106 1846 1180 Olumpias

166 1264 173 1278 ι
251 1198 419 1266 tione,nulla
435 1200 544 1256 testium
559 1199 612 1255 lide
628 1199 776 1266 nitebatur,
798 1200 930 1255 rationem
947 1199 1051 1257 hahen-
1105 1195 1246 1265 Venerunt,
1261 1207 1284 1253 et
1300 1197 1370 1270 opud
1391 1195 1574 1268 Certhrpinem
1598 1201 1847 1270 sumuntprrdiespm

250 1292 313 1349 dam
331 1307 394 1349 esse
415 1306 585 1363 nequaquam
607 1300 782 1348 censuerunt.
798 1291 992 1363 llerpiisierunt
1016 1291 1051 1348 ah
1104 1287 1242 1362 drrpinto,
1258 1297 1285 1344 ut
1306 1289 1503 1359 prurientierent
1523 1289 1566 1344 chi
1589 1300 1654 1346 esset
1678 1289 1796 1348 Gotlolicr.
1815 1293 1849 1350 lhr

250 1383 295 1453 iis,
311 1395 339 1441 ut
351 1393 440 1442 certos
457 1394 629 1440 accusatores
637 1392 665 1441 et
677 1392 762 1441 testes
771 1383 939 1452 inducerent,
955 1383 1001 1456 qui
1014 1383 1051 1440 si·
1103 1381 1226 1436 seditioso
1238 1401 1300 1456 pars
1322 1379 1418 1438 Dormti
1432 1383 1489 1453 peri
1511 1400 1589 1454 possa
1617 1400 1668 1440 nort
1687 1395 1721 1440 ost
1732 1401 1740 1438 :
1753 1387 1778 1438 de
1795 1387 1848 1440 stilis

251 1481 308 1534 utut
329 1492 391 1534 cum
406 1478 439 1533 iis
452 1492 486 1534 ex
510 1477 602 1534 hhica
621 1488 761 1544 venerant,
783 1487 885 1534 etcum
900 1489 1051 1550 praesentes
1103 1477 1216 1547 partiam
1228 1478 1349 1550 strepitus
1362 1476 1508 1550 quotidiani
1517 1477 1668 1533 sunthelitr'
1679 1479 1850 1534 :herluinum

250 1569 405 1637 fuissent,a
422 1571 525 1626 lirinato
535 1571 666 1627 subtracti
687 1570 858 1638 dicebantur,
873 1570 935 1641 quia
952 1567 1050 1626 testih-
1105 1568 1183 1624 tentia
1194 1568 1343 1626 eorumdem
1354 1570 1531 1643 episcoporum
1546 1567 1702 1627 Ermenriiet
1716 1571 1806 1643 lllpnpii
1815 1573 1850 1626 nh

249 1665 303 1721 euti
316 1673 395 1721 erant
417 1663 484 1721 nihtt
501 1663 603 1721 hahere
613 1677 642 1720 se
654 1665 726 1738 qood
741 1663 770 1720 iu
787 1663 962 1721 Czecilionurn
976 1662 1051 1720 dicc-
1103 1661 1206 1734 {epirum
1224 1661 1714 1734 srrttlicerentillumesseCotlrolicum,
1726 1669 1851 1735 pemmrth

251 1764 323 1813 rent.
344 1754 398 1812 Eos
421 1771 452 1814 se
475 1755 659 1813 exhibiturum
682 1755 728 1812 ille
747 1757 889 1826 promisit,
911 1763 993 1828 atque
1012 1757 1049 1811 ha
1105 1764 1180 1809 «toto
1194 1755 1254 1810 erbe
1268 1765 1393 1812 terrerum
1408 1753 1515 1824 differo,
1528 1766 1552 1812 et
1565 1758 1852 1814 sententionrderrnrtn·

250 1851 352 1906 mansit
368 1849 396 1906 in
410 1847 529 1921 pendulo
549 1849 687 1908 Caeciliani
706 1865 800 1907 causa.
826 1851 944 1906 hernotus
958 1859 1048 1912 autem
1066 1853 1088 1913 Β
1106 1867 1115 1902 ι
1132 1865 1186 1904 eene
1215 1851 1394 1921 episcoporum
1407 1849 1567 1922 jamdudum
1591 1851 1701 1918 dotum,
1718 1851 1803 1907 dissolri
1822 1868 1852 1906 m

249 1940 379 1998 casensis
410 1952 554 1999 aceusmus
587 1950 615 1999 et
647 1942 787 2000 convictus
811 1952 877 2010 est,
903 1941 1050 2000 Caeciliano
1105 1959 1214 2012 rposre.
1236 1961 1246 1994 ι
1265 1941 1310 2000 Sic
1321 1945 1570 1996 communicauerunt
1582 1944 1651 1998 clero
1662 1942 1820 2008 Cosilinum
1829 1959 1853 1997 re

249 2032 397 2088 etiamnum
414 2032 616 2098 archidiacono,
631 2035 749 2091 schisma
765 2035 861 2091 iecisse
874 2033 1048 2109 Carthagine,
1102 2035 1171 2092 cersi
1184 2043 1254 2091 sunt.
1270 2033 1366 2090 Deliis
1381 2035 1457 2090 rrius
1477 2037 1600 2092 holemim
1623 2037 1747 2092 tolentino
1759 2048 1853 2103 artemo,

255 2127 435 2185 utconlessus
457 2143 488 2185 se
501 2129 685 2200 rebaptizasse
702 2137 730 2185 et
748 2130 882 2201 episcopis
900 2130 982 2201 lapsis
994 2145 1050 2186 ma·
1101 2129 1202 2196 quodsi
1212 2129 1269 2199 piris
1280 2129 1399 2195 uetuerit,
1416 2130 1443 2184 r'n
1462 2129 1607 2184 noeisshm's
1619 2131 1729 2202 partitus
1743 2128 1853 2200 tepenti.

251 2237 317 2279 num
332 2222 504 2293 imposuisse.
518 2221 643 2279 Secunda
656 2221 701 2278 die
715 2239 731 2278 a
744 2221 904 2294 quibusdam
918 2239 1004 2281 nores
1018 2209 1050 2281 it·
1102 2220 1156 2274 lm
1176 2220 1276 2290 fierent.
1298 2217 1413 2276 [dormitu
1441 2221 1510 2276 ultro
1530 2223 1602 2293 prior
1615 2222 1816 2296 sacerdoptes
1832 2241 1854 2278 tr

252 2315 343 2373 hellus
352 2315 564 2373 denuntiationis
574 2315 704 2373 adversus
717 2316 890 2374 Caecilianom
904 2317 982 2374 datus
991 2330 1047 2384 est;
1101 2313 1148 2370 dit.
1166 2313 1222 2370 lloc
1236 2315 1341 2380 andito,
1356 2311 1511 2370 Caecilimnrs
1524 2317 1558 2368 mi
1578 2332 1653 2369 suurn
1666 2315 1758 2384 plelem
1769 2333 1854 2385 proper·

252 2423 308 2479 otro
321 2407 393 2464 iacto
408 2409 508 2480 agitata
532 2423 639 2464 nusum
663 2407 792 2480 cognitio,
820 2420 847 2465 et
869 2418 958 2465 tanmn
981 2409 1049 2465 nihil
1101 2408 1145 2466 eit.
1160 2407 1216 2464 iloc
1230 2409 1307 2464 modo
1318 2409 1410 2466 irernnr
1426 2411 1589 2466 renerellutm
1601 2421 1661 2466 sunt
1673 2424 1763 2480 partes.

247 2501 394 2574 quidquam
410 2502 437 2559 in
461 2502 633 2559 Caeciliaotnn
649 2502 735 2574 potuit
750 2502 869 2573 pretori.
884 2501 987 2558 Eadem
1004 2501 1049 2560 die
1138 2501 1208 2557 Noni
1220 2503 1344 2558 tumrultus
1354 2499 1508 2558 Borrariunrc
1521 2503 1643 2572 {actionis
1657 2502 1854 2560 ederrstsdcrilio

251 2601 341 2650 actum
363 2593 469 2650 ridetur
482 2595 517 2651 de
528 2595 644 2651 concilio
665 2595 834 2667 septuaginta
858 2593 1048 2667 epicoporrnn
1100 2613 1170 2652 ιιιιιιι.
1187 2627 1221 2640 -
1237 2597 1327 2671 haqne
1342 2599 1497 2655 Drrnatianae
1517 2597 1643 2654 iectionis
1656 2599 1772 2656 homines
1782 2600 1803 2655 in
1814 2615 1853 2672 per·

247 2690 295 2762 qui
307 2687 482 2747 (lucilianum
496 2689 701 2756 daunravcrant,
716 2705 831 2761 quorum
847 2690 923 2759 quasi
945 2691 1053 2761 gravis:
1100 2690 1200 2749 uicaria
1221 2707 1268 2748 sua
1285 2701 1494 2764 permanentes,
1515 2707 1602 2748 novos
1616 2693 1696 2748 etiarn
1710 2693 1854 2763 tuorultuspu

245 2785 316 2841 sima
339 2784 528 2856 opponebatur
545 2783 702 2840 auctoritas.
726 2783 866 2840 Adversus
891 2781 951 2838 illos
966 2785 1048 2840 multa
1101 2785 1220 2842 hhieam
1233 2785 1370 2842 concitare
1382 2795 1532 2858 coeperont,
1544 2796 1620 2844 etex
1634 2788 1666 2844 iis
1678 2789 1855 2859 nortoulliiupr·

246 2879 319 2935 dictu
334 2886 415 2934 suro:
430 2876 588 2933 'iraditorcs
602 2889 650 2932 eos
662 2873 893 2932 hrisseGaeciliani
909 2874 1048 2944 inimicos,
1101 2890 1220 2940 retorem
1236 2879 1311 2936 adiro
1326 2881 1383 2936 ausi
1398 2888 1471 2948 sunt,
1488 2895 1520 2937 ac
1532 2879 1567 2936 de
1583 2896 1656 2938 ituro
1669 2880 1819 2938 Caecilianum
1828 2897 1855 2936 ar·

248 2972 410 3029 amhitiosos
424 2971 560 3036 hominem
581 2969 692 3027 Lucilla·
706 2969 839 3026 obnoxios
855 2968 953 3042 eteius
968 2985 1050 3041 pecu-
1100 2986 1205 3029 cosme.
1219 2963 1322 3042 ¹Quibus
1332 2988 1393 3029 cum
1409 2973 1595 3050 respondisset
1607 2975 1766 3048 imperator:
1780 2974 1855 3030 Fortu

244 3064 290 3120 nia
304 3075 459 3136 corruptos,
480 3063 587 3136 aliaque
601 3061 733 3133 ejusmodi
748 3080 754 3117 :
770 3063 900 3117 adversus
925 3061 1048 3118 Caecilia·
1100 3063 1128 3118 id
1138 3082 1181 3120 eos
1188 3068 1290 3139 jactare
1303 3082 1361 3120 enrn
1375 3083 1416 3122 res
1439 3065 1546 3136 [ruissent
1557 3070 1627 3140 opud
1642 3069 1726 3124 artem
1743 3067 1855 3124 homno

248 3172 313 3212 num
333 3154 406 3228 quod
420 3171 436 3210 a
450 3154 541 3212 Felice
551 3153 736 3228 Aptungitano
750 3152 917 3210 ‘traditionis
931 3170 979 3211 reo
1003 3169 1049 3210 or·
1100 3159 1198 3215 idoneis
1224 3176 1254 3214 oc
1286 3159 1470 3227 probatissimis
1492 3162 1552 3216 ciris
1576 3161 1703 3234 episeopis
1729 3162 1854 3221 teredone,

246 3248 358 3304 dinatus
378 3245 483 3303 suisset.
499 3245 547 3303 lire
567 3246 734 3320 qnmrtones
749 3246 839 3316 plnres
855 3254 882 3301 et
902 3245 1083 3316 indicatis-C
1100 3253 1191 3308 otniae
1201 3270 1231 3308 oc
1239 3255 1403 3325 pertinaciter
1414 3253 1615 3326 responderunt,
1627 3254 1696 3327 quod
1709 3272 1786 3312 eorum
1798 3255 1852 3310 omi

246 3339 456 3407 sinemurus
478 3339 578 3410 quihus
601 3337 791 3395 abstinendum
805 3351 867 3394 esse
888 3337 939 3395 sihi
962 3338 1047 3395 duse-
1099 3361 1177 3401 rouro
1196 3363 1246 3403 rrorr
1269 3347 1359 3417 {uisset
1376 3347 1485 3414 unditu;
1510 3347 1555 3402 sed
1574 3351 1661 3419 potius
1685 3348 1757 3405 iidem
1776 3345 1855 3417 epistol

245 3443 313 3492 runt
325 3435 433 3491 concilii
444 3435 561 3491 honneni
577 3445 678 3506 patres,
691 3449 721 3489 ac
737 3433 772 3490 de
782 3431 928 3490 Caeciliano
942 3441 1046 3489 tanturn
1097 3439 1209 3510 quodam
1225 3440 1280 3496 luco
1293 3456 1320 3496 se
1332 3441 1497 3512 clausissent,
1509 3451 1533 3498 et
1542 3453 1620 3516 preat
1634 3455 1721 3515 aptum
1732 3445 1787 3516 ipris
1799 3449 1855 3512 [reru

245 3539 273 3584 et
293 3529 397 3587 honato
408 3529 539 3603 judicium
556 3529 627 3587 terre
642 3528 797 3587 actiterunt.
811 3526 861 3584 ilie
876 3527 973 3584 iterum
990 3527 1047 3598 pot·
1095 3530 1265 3602 indicassent.

244 3623 336 3681 licitus
349 3635 391 3681 est
407 3641 437 3682 se
450 3624 494 3682 die
513 3625 635 3697 sequenti
661 3623 774 3680 idoneos
792 3631 876 3679 testes
900 3621 1046 3678 criminum
1136 3623 1217 3681 Noure
1229 3643 1318 3682 eorum
1336 3627 1377 3681 ed·
1388 3629 1570 3698 imperatorem
1586 3631 1707 3702 porreto.
1726 3629 1796 3688 teet
1809 3625 1855 3698 opti

245 3715 383 3774 Caeciliani
398 3717 579 3773 exhibiturum
593 3735 599 3770 z
612 3724 640 3773 at
659 3732 721 3773 eum
745 3713 885 3786 promissis
903 3722 976 3771 sture
992 3729 1046 3770 non
1097 3716 1236 3792 AElionmo
1251 3719 1346 3794 Attice
1372 3721 1551 3794 proconsulem
1572 3722 1604 3777 de
1629 3722 1768 3778 immoratio
1789 3717 1855 3776 l'rliris

243 3817 356 3884 posset,
371 3809 544 3883 adjudicium
560 3809 689 3866 accedere
704 3809 821 3880 amptius
839 3807 936 3864 noluit.
951 3807 1046 3881 ltaque
1097 3812 1371 3888 Apturrpitnni.-liis
1384 3825 1522 3887 permotus
1532 3814 1723 3873 Constantinus
1734 3817 1854 3889 imperatu,

240 3907 320 3964 tertia
335 3904 382 3962 die
399 3903 565 3960 Caecilianus
580 3902 699 3960 eundum
716 3917 764 3958 ore
781 3901 912 3958 innocens
928 3917 1047 3974 pronun·
1097 3914 1126 3961 ut
1146 3904 1360 3966 dissensionibus
1381 3907 1490 3966 tandem
1503 3891 1659 3982 ‘aliqnando
1674 3911 1749 3966 tinem
1768 3910 1856 3980 iopen

245 3998 390 4065 tiatorem,
403 4003 433 4052 et
445 3996 602 4052 comumnio
616 4011 678 4051 curn
691 4012 724 4052 eo
739 4004 846 4052 serrata
863 4010 901 4052 :e
923 4007 1046 4053 contrua
1096 4011 1149 4066 ret,
1169 4013 1276 4054 causum
1299 3997 1397 4057 Felicis
1413 3999 1591 4072 hptongitani
1614 4001 1642 4057 in
1666 4002 1767 4074 puhtieo
1787 3997 1856 4054 thim

244 4091 360 4163 singulis
374 4093 401 4147 iu
415 4091 547 4148 Donatum
568 4090 677 4163 propriu
699 4090 870 4148 consessione
885 4092 1045 4150 conuictum
1094 4091 1355 4172 judicioesamiuari
1364 4095 1505 4166 proecepit,
1521 4107 1549 4151 ct
1561 4095 1707 4152 concilium
1720 4093 1793 4168 priori
1802 4092 1856 4160 tem

244 4183 387 4242 sententio
412 4183 619 4239 introeuntia
643 4191 757 4240 caeteros
785 4194 875 4240 autem
902 4185 1045 4256 episcopus
1097 4186 1269 4244 numerosius
1292 4184 1388 4242 indixit
1411 4187 1438 4242 in
1460 4187 1553 4243 urhcm
1576 4187 1768 4250 Arelatensem,
1785 4192 1856 4239 uttott

244 4273 477 4347 quilleeilianom
497 4273 708 4341 damnaverant,
734 4273 800 4333 nihil
821 4276 1043 4347 pronuntiatum,
1096 4277 1233 4336 Caeciliani
1260 4294 1343 4336 causa
1370 4263 1533 4337 iterumad
1558 4296 1674 4337 exarnen
1707 4287 1855 4338 revocaretur·

244 4367 1044 4441 neculluseormnacominunioercclcshecspulsusest;
1096 4375 1212 4446 scripsit
1236 4373 1318 4446 igitur
1344 4375 1377 4432 ad
1405 4373 1505 4432 Verum
1532 4391 1581 4432 seu
1609 4373 1735 4432 Verinum
1758 4372 1856 4428 ricarium

244 4463 293 4521 sed
307 4456 553 4534 eunctisepiscopis
564 4459 776 4534 partisliajorini
789 4461 819 4535 6
830 4462 904 4534 optio
919 4462 980 4519 data
992 4473 1045 4528 est,
1096 4465 1204 4536 hirice,
1221 4475 1250 4522 ut
1262 4465 1297 4523 de
1310 4467 1363 4522 vita
1378 4465 1479 4536 Felicis
1489 4465 1667 4540 Aptnngitani
1684 4477 1712 4525 et
1727 4466 1756 4524 de
1773 4462 1856 4520 crimine

247 4563 279 4612 hl
293 4556 315 4610 si
338 4552 372 4610 ed
385 4559 514 4611 unitatem
535 4553 624 4611 redire
643 4554 756 4621 vellent,
772 4554 799 4609 iu
823 4553 880 4609 suis
896 4555 1046 4610 honoribus
1097 4559 1261 4617 Traditionis
1271 4560 1347 4633 cnjus
1357 4561 1573 4630 tosimntahmur,
1583 4561 1691 4634 publice
1702 4559 1857 4633 inquirerem.
1879 4609 1881 4615 Α

242 4660 447 4723 permanerent,
462 4649 568 4706 etiamsi
582 4661 658 4707 extra
675 4649 824 4707 Ecclesium
838 4650 955 4707 ordinati
976 4649 1044 4707 inis·
1056 4655 1084 4718 Ι)
1095 4651 1162 4708 Cum
1178 4664 1266 4708 utitem
1282 4651 1369 4709 Verus
1380 4653 1550 4709 incommoda
1564 4654 1717 4710 valetudine
1739 4658 1856 4710 teneretur.

241 4751 304 4802 serit
318 4758 334 4799 a
347 4740 494 4814 hajortnm
512 4745 549 4797 lta
569 4753 598 4797 ut
617 4743 781 4816 ubicumque
800 4743 855 4801 duo
870 4753 961 4801 essent
986 4746 1044 4817 epi·
1095 4743 1219 4820 AEliunus
1234 4743 1382 4816 proconsul
1400 4745 1579 4826 quaestionem
1597 4745 1693 4802 hahuit
1708 4746 1760 4802 loeo
1775 4737 1857 4802 t'terl,

242 4840 336 4912 scopi,
351 4854 420 4895 unrrs
435 4855 449 4892 a
465 4836 623 4904 Caeciliano,
637 4839 706 4896 alter
720 4839 878 4912 ahlajorino
890 4840 1042 4910 ordinatus,
1095 4837 1194 4894 hlhum
1208 4837 1381 4896 crectttamm
1395 4839 1441 4912 qui
1462 4847 1584 4911 tempore
1604 4837 1788 4914 persecutionis
1799 4845 1857 4890 cera·

241 4932 266 4989 is
289 4931 498 4989 confirmaretur
518 4930 563 5002 qui
593 4931 669 5000 prior
694 4946 767 4989 esset
788 4933 940 5001 ordinatus,
962 4933 1042 4991 alteri
1094 4941 1135 4989 tor
1148 4931 1663 5005 iueratrrrrrnicipiihuturnnitmrorum,
1677 4922 1858 4998 assentaturi

243 5039 308 5080 uero
318 5026 395 5096 plehs
408 5024 459 5080 alia
471 5022 588 5094 regenda
595 5022 792 5094 provideretur.
808 5027 872 5082 llaec
882 5043 916 5083 ex
931 5027 1039 5099 Optato,
1092 5040 1153 5082 eom
1167 5025 1289 5098 ingentio
1308 5027 1415 5095 scriba,
1434 5025 1565 5095 Claudio,
1582 5027 1743 5094 Saturnino,
1762 5019 1856 5079 tattdn

242 5115 292 5173 lih.
311 5133 332 5183 r,
344 5115 414 5189 111,
427 5127 455 5171 et
465 5116 627 5186 tergestino,
636 5129 682 5185 ep.
694 5132 761 5173 ιιιιι
771 5158 779 5185 ,
790 5127 818 5173 et
831 5117 973 5177 Breuiculo
985 5120 1041 5176 eol·
1092 5117 1232 5184 Gratiano,
1246 5117 1360 5190 Superio
1374 5120 1552 5188 stationario,
1566 5117 1669 5178 Solone
1681 5135 1752 5176 serto
1763 5111 1855 5186 publici,

242 5208 356 5266 lationis
369 5208 423 5266 diei
435 5208 638 5278 aeottepmms.
653 5210 700 5266 llis
713 5213 841 5281 peractis,
865 5212 1000 5270 hlihiades
1015 5223 1042 5270 et
1092 5209 1208 5284 aliisque
1227 5211 1340 5269 testibus
1359 5213 1393 5270 ad
1416 5214 1597 5286 questionem
1621 5194 1778 5272 necessariis.
1795 5205 1856 5261 heus

240 5303 338 5376 reliqui
352 5299 472 5373 episcopi
486 5316 664 5374 quaecumque
678 5304 704 5358 in
716 5302 832 5360 concilio
841 5305 1041 5377 gestaluerant,
1092 5317 1156 5364 sunt
1169 5319 1229 5364 actu
1245 5307 1430 5380 municipalia,
1447 5307 1608 5380 interrogati
1626 5307 1775 5366 Saturninus
1787 5308 1810 5355 et
1821 5294 1855 5351 ὓ·

239 5411 292 5452 unu
306 5410 369 5452 curn
385 5395 454 5452 actis
476 5393 563 5465 ipsius
584 5395 693 5451 concilii
704 5394 739 5452 ad
754 5396 946 5466 imperatorem
969 5399 1040 5478 Con-
1093 5400 1438 5472 ttotnsjuntorcmmores,
1454 5399 1588 5472 Superius
1608 5387 1855 5459 ιιιιῑιιιιιιίιιιοῑΩιι

242 5488 391 5544 staminum
400 5485 568 5552 direxerunt,
582 5486 753 5542 verhoetiam
777 5485 944 5544 affirmantes
965 5489 1039 5560 quttd
1091 5491 1204 5549 cilianus
1237 5491 1379 5561 Duumvir,
1400 5491 1538 5564 lupentius
1562 5491 1708 5564 qrrmstlooi
1733 5481 1852 5559 applicitus

239 5579 368 5651 iudicium
393 5595 472 5636 suum
496 5579 653 5652 suissetpro
666 5595 757 5637 rerum
771 5580 899 5654 equitate
912 5580 1039 5654 deprom-
1091 5583 1179 5658 iisque
1199 5585 1325 5643 omnihus
1352 5585 1461 5653 auditis,
1480 5585 1551 5643 hanc
1570 5586 1713 5658 proconsul
1724 5574 1852 5640 sententian

239 5680 334 5742 ptum,
355 5684 457 5744 eosque
479 5672 569 5743 potius
592 5688 671 5730 noxe
690 5672 824 5731 obnoxios
838 5687 900 5732 esse
916 5674 1039 5734 dicentes
1090 5679 1274 5752 pronuntiarit
1291 5675 1428 5736 :Felicem
1449 5679 1598 5753 relipiosum
1617 5682 1754 5752 episcopam
1769 5669 1851 5725 nomn

239 5763 286 5832 qm
299 5771 394 5819 contra
406 5762 581 5823 Coelianum
594 5775 758 5838 putaverunt
771 5765 894 5839 quaedam
916 5783 1039 5828 comme·
1091 5787 1147 5827 esse
1167 5771 1200 5826 ed
1223 5771 1355 5828 coertione
1379 5773 1609 5832 instrumentorum
1634 5772 1771 5843 herarmi
1788 5755 1851 5812 mii·

240 5867 316 5910 uere.
531 5859 533 5863 ’
641 5860 662 5866 ”
940 5861 946 5871 ’
1093 5863 1189 5933 {murts
1204 5871 1251 5932 cst,
1265 5877 1322 5918 cunt
1338 5877 1412 5920 nerito
1427 5864 1521 5921 istrum
1535 5865 1641 5938 mlpntc
1659 5846 1846 5937 ιιιιιιιιιιρθ1111111
