3950 6317
58 303 82 361 'l
518 303 632 365 Gustu
651 299 873 364 cotunttouts
894 303 1210 372 centuncufensis
1613 317 1683 377 tntu

56 419 97 477 0.
120 422 262 484 Ersreritus
288 423 422 498 episcopus
447 423 524 480 dicit.
553 424 631 481 Sicut
648 421 682 480 de
697 421 833 494 scriptura
844 423 873 487 A
885 437 916 479 es
934 439 996 498 que
1016 429 1093 486 nobis
1114 429 1148 487 sd
1171 427 1357 503 plenissimam
1374 431 1581 489 instructionem
1604 429 1681 489 susp.

56 516 329 586 posuissemus]
343 524 386 573 est
397 515 476 572 nobis
492 532 501 570 s
517 513 653 586 Sapientia
681 515 830 572 abscondita
881 530 945 575 cere
959 520 1125 590 credidistis,
1138 523 1269 583 desterno
1283 525 1328 585 die
1339 523 1383 583 edi
1392 523 1482 594 robis,
1497 523 1560 582 data
1574 527 1682 586 notoria

56 607 371 677 comminiscensae
392 608 491 665 utilitas
509 609 539 663 iu
564 605 697 682 utroque?
719 608 753 664 lit
776 605 831 663 alia
880 609 1033 680 postulatis.

56 717 112 754 aar.
130 701 271 758 Emeritns
283 701 429 773 episcopus
440 699 597 773 raoogoost.
916 701 962 760 57.
976 703 1120 761 Petiliam
1133 705 1357 779 suscoperunt.
1380 706 1477 768 [ticam
1503 719 1678 783 exceptores,

57 793 99 850 d.
123 793 267 850 Posalrliua
287 795 421 870 episcopus
449 793 573 852 licem
597 793 731 851 cariam
753 793 827 849 diait.
882 804 971 853 utrum
987 813 1125 872 exponere
1140 801 1248 858 unadie
1261 804 1410 875 potuerint,
1422 804 1497 877 quod
1515 818 1568 862 utre
1581 805 1627 867 dle
1640 807 1679 864 si-

56 887 249 960 multiloqnio
262 901 407 960 unusquam
420 885 473 944 fult
491 887 636 960 sepientis.
651 883 687 942 Et
698 887 752 943 alio
775 901 831 943 rac
881 887 960 947 detur
970 905 1033 948 esse
1042 889 1209 952 confectum.
1223 893 1258 951 lit
1269 897 1323 954 alia
1337 915 1426 955 runnu.
1440 897 1477 957 lit
1490 911 1584 976 supro.

71 979 260 1053 Recognosi.
600 1034 602 1040 .
917 981 962 1041 58.
979 983 1152 1043 Marcellinus
1163 987 1203 1042 uir
1215 988 1376 1048 cuniulatus
1388 993 1507 1050 tetanus
1523 1003 1547 1052 et
1561 995 1678 1055 notanus

56 1078 100 1131 tii.
122 1073 261 1133 Martialis
275 1071 672 1147 sncrptorracodiaarstltanit.
697 1069 830 1132 dandus
881 1075 1149 1160 dicinErceptores,
1164 1087 1253 1137 utrum
1274 1081 1404 1141 hesterno
1419 1083 1565 1143 dieomnls
1585 1099 1680 1160 potua-

70 1169 168 1226 dixit.
182 1169 316 1240 Quoniam
327 1168 381 1225 diei
393 1183 463 1240 pene
476 1181 585 1224 munem
598 1173 704 1240 perlem
723 1173 831 1222 constat
881 1155 937 1230 rint
950 1157 982 1228 in'
991 1171 1100 1231 scuedls
1113 1160 1191 1246 gesta
1202 1173 1336 1244 describi,
1351 1177 1424 1248 apud
1440 1188 1500 1236 acta
1524 1181 1677 1254 designent.

56 1277 183 1332 ansam,
199 1263 303 1320 ideireo
315 1271 405 1318 atrurn
418 1275 454 1318 ex
469 1261 607 1317 mmmatnl
629 1271 767 1316 consentu
779 1256 832 1314 dif-
882 1263 1016 1322 Martialis
1031 1277 1151 1342 easaptor
1162 1269 1238 1324 dicit
1252 1266 1348 1325 Adhuc
1359 1282 1465 1342 partem
1487 1272 1515 1330 in
1539 1257 1689 1333 codicibns'

56 1357 79 1412 ri
99 1356 250 1428 negotium
262 1355 377 1427 placeat,
400 1349 551 1411 intimetur.
578 1352 617 1410 nt
642 1353 758 1425 megae
769 1365 831 1423 put·
881 1357 1026 1417 ltabernus.
1043 1359 1185 1432 Siquidem
1204 1363 1289 1420 etiam
1306 1359 1327 1421 ii
1342 1361 1464 1440 episcopi
1476 1365 1522 1444 qui
1538 1367 1618 1429 nobis
1631 1385 1680 1430 cu·

56 1467 85 1504 ω
105 1450 214 1505 dictim
228 1457 289 1506 Νι·
304 1447 412 1516 Pliffls
427 1447 555 1521 (imm
569 1447 625 1520 idm
646 1447 698 1502 5⁸²⁰
720 1443 780 1503 (¹¹0⁸
793 1445 832 1500 li·
881 1451 974 1510 stodee
987 1452 1044 1509 dati
1055 1463 1129 1521 sunt,
1140 1470 1195 1512 non
1207 1457 1342 1512 nesciunt.

56 1560 100 1599 ur
114 1555 260 1600 emensas.
274 1537 407 1598 Nobditm
433 1551 480 1598 tua
501 1540 577 1598 diam
605 1539 636 1596 ln
652 1555 734 1613 qnam
758 1538 831 1596 diam
918 1545 963 1602 tlt.
980 1543 1278 1621 Petilianusepiscoput
1296 1547 1372 1606 dicit.
1393 1548 1506 1624 Accepit
1529 1549 1682 1614 sublimitas

56 1652 74 1693 c
92 1637 162 1709 ipsa
175 1635 429 1709 comperendinatio
446 1633 599 1704 differatur,
626 1647 691 1706 pars
717 1639 832 1706 ntrsnue
883 1641 927 1694 tua
943 1653 977 1694 er
999 1639 1180 1712 responsione
1197 1641 1295 1712 oldcii,
1313 1649 1373 1701 acta
1391 1642 1482 1701 adlnuc
1501 1645 1607 1722 digesta
1626 1664 1681 1706 noo

56 1731 162 1803 signet.
179 1732 291 1804 dignitas
305 1731 439 1803 mmapss
462 1729 586 1788 &date
602 1729 737 1786 micliroe
753 1728 829 1784 dixit.
882 1749 944 1792 osse
957 1733 984 1792 in
995 1734 1120 1809 paginas,
1134 1752 1186 1796 nec
1196 1753 1258 1796 esse
1271 1738 1345 1812 quod
1359 1755 1422 1813 pars
1433 1751 1546 1816 utraque
1558 1742 1631 1819 legat
1643 1754 1684 1802 at·

56 1836 101 1884 tut
116 1826 212 1884 edimn
222 1826 352 1884 nobilitas
367 1834 414 1882 tus
423 1823 599 1896 mescdpsit,
615 1823 737 1882 erastino
748 1823 833 1883 inter-
845 1821 870 1884 B
883 1843 941 1900 que
947 1840 1102 1900 recenseat,
1115 1844 1167 1888 nec
1181 1829 1241 1888 deri
1254 1841 1302 1888 aut
1321 1835 1445 1891 reuocari
1458 1838 1599 1896 memoriae
1614 1855 1682 1914 pan-

56 1939 113 1983 sso
126 1933 241 1996 propter
253 1923 465 1996 descriptionem
480 1923 664 1990 schedarum,
689 1920 829 1994 perendie,
884 1919 970 1982 lulum
984 1925 1081 1996 possit.
1095 1924 1215 1983 Proinde
1228 1925 1380 1986 sublimitas
1400 1935 1464 2000 tus,
1478 1932 1608 2003 quoniam
1638 1950 1683 1992 res

56 2018 205 2088 praecipls,
218 2017 408 2075 observemus.
425 2017 573 2074 ddeodatus
597 2016 732 2088 apicem
755 2014 831 2070 tlinrit.
885 2013 999 2074 honesta
1013 2019 1184 2090 postolatur,
1210 2019 1302 2096 largiri
1323 2019 1451 2096 dignetur
1466 2025 1538 2100 quod
1552 2029 1683 2102 petimus,
1712 2037 1716 2049 ’

56 2111 123 2167 inm
137 2127 188 2168 nos
205 2112 393 2168 conseminans
402 2117 435 2168 ut
448 2108 600 2180 perendino
624 2107 671 2165 die
694 2107 833 2178 denudum
885 2120 915 2169 ut
932 2121 1009 2188 gesta
1029 2129 1062 2170 ex
1078 2129 1155 2172 more
1168 2113 1295 2172 edantur.
1313 2113 1450 2190 Legamus
1472 2129 1503 2176 nt
1519 2122 1686 2196 respondere

58 2216 187 2278 regatur.
203 2205 335 2264 Nobilitas
353 2214 399 2262 tua
422 2207 499 2262 dicit.
525 2203 602 2262 sictut
626 2201 747 2274 partibas
775 2201 833 2272 pls·
884 2205 1033 2280 possimus.
1050 2203 1085 2262 Et
1099 2207 1259 2266 alienans.
1279 2209 1429 2270 Petiliauns
1448 2213 1686 2288 episcopus'reoo

58 2303 104 2372 it,
130 2303 283 2374 perendino
307 2303 352 2362 dle
375 2303 516 2376 organum
534 2309 684 2374 repetetur.
711 2297 747 2355 Et
773 2314 833 2354 cunt
885 2301 976 2372 gnoni.
1251 2340 1255 2346 .

56 2397 176 2464 namur,
195 2395 367 2452 Marcellinus
377 2397 415 2452 air
430 2396 590 2452 clarissim
602 2393 720 2450 tribum
739 2403 764 2449 ct
787 2407 835 2450 rto·
922 2391 967 2450 lt.
983 2389 1093 2467 Alypius
1103 2393 1239 2466 episcopus
1251 2388 1377 2453 Mcclcaioe
1386 2397 1520 2456 catholice
1530 2399 1605 2457 dicit.
1615 2396 1688 2459 Lou-

56 2491 113 2545 rias
127 2489 207 2546 dicit.
228 2489 308 2548 vitiet
320 2490 450 2547 sanctitas
476 2497 567 2546 restra
590 2493 686 2544 eontra
708 2485 835 2557 proprios
885 2481 978 2560 gitudo
1011 2492 1150 2556 gestorum
1173 2482 1258 2558 magis
1279 2484 1440 2557 innumero
1461 2500 1488 2547 et
1507 2493 1686 2564 responsione

56 2600 77 2641 n
91 2585 194 2641 venire
213 2598 268 2641 son
290 2597 373 2656 posse
395 2595 558 2641 consensus.
582 2579 663 2639 Unde
685 2592 767 2635 eausa
793 2577 836 2634 di·
887 2575 1131 2650 utriusquepartis
1151 2567 1419 2654 episcoporumest,
1443 2599 1523 2658 qnam
1544 2585 1572 2644 in
1595 2587 1687 2661 aliqua

56 2686 120 2732 tur.
886 2669 1123 2731 commendatione
1136 2673 1249 2746 negotii.
1259 2673 1331 2731 Nilsil
1341 2690 1409 2749 ergo
1420 2685 1463 2734 est
1474 2678 1545 2735 unde
1558 2689 1686 2738 causetur

58 2771 111 2828 35.
129 2769 263 2828 Mnuritua
281 2771 418 2844 cmsoopus
431 2769 506 2826 disit.
522 2767 580 2826 lion
601 2765 669 2822 adeo
689 2765 835 2822 immemo·
887 2781 951 2838 pars
975 2767 1101 2834 diversa,
1128 2775 1176 2822 aut
1188 2767 1269 2827 lsodie
1283 2770 1401 2844 cognitio
1415 2769 1556 2830 differatur
1569 2792 1577 2842 ;
1591 2777 1688 2848 proeci-

56 2882 70 2923 s
84 2878 186 2922 sumus
198 2871 336 2920 utcontra
355 2873 448 2921 nostra
462 2861 622 2918 sentiamus:
643 2874 695 2916 ncc
716 2872 768 2932 ego
791 2857 835 2914 uic
887 2859 1013 2932 puequia
1027 2860 1107 2917 etiam
1123 2859 1174 2934 ipsi
1189 2861 1307 2933 professi
1320 2874 1383 2922 sunt
1394 2865 1429 2924 ad
1441 2865 1603 2927 hodiernum
1614 2870 1687 2928 diens

56 2959 168 3016 curiam
180 2957 506 3029 oidciiautexceptorum
520 2951 834 3026 negligentinmdamuo,
887 2952 1066 3013 differendum
1091 2970 1153 3014 esse
1170 2959 1321 3029 negotium.
1349 2957 1385 3016 tir
1406 2945 1462 3020 alia
1490 2980 1579 3022 manu.
1599 2963 1688 3026 Recn·

56 3055 72 3110 oi
87 3053 218 3126 intelligo
230 3049 386 3125 prolixitate
400 3060 540 3123 gestorum
553 3045 609 3124 [sd]
625 3045 698 3104 diem
721 3043 836 3102 minime
886 3049 978 3124 gnori,
1180 3041 1184 3046 '

57 3165 182 3208 :currere
197 3148 332 3221 pomisne.
348 3144 464 3216 Quodsi
479 3145 577 3200 lactum
593 3151 654 3208 est,
678 3147 707 3198 et
718 3138 831 3210 explici·
923 3145 969 3202 tl.
982 3141 1152 3200 Marcellinus
1165 3143 1205 3200 air
1219 3143 1509 3206 cismarinustmdunus
1528 3161 1553 3208 et
1572 3150 1688 3210 naudus

56 3244 211 3302 nomnibus
224 3249 302 3316 gesta
316 3257 362 3300 res
382 3246 441 3310 est,
456 3253 506 3296 cur
523 3253 580 3294 nou
595 3236 624 3294 iu
640 3235 765 3292 nuntiam
785 3227 872 3292 nnC
888 3235 963 3294 dicit.
980 3235 1017 3296 Ut
1028 3237 1127 3294 iterum
1140 3237 1263 3309 portibus
1274 3237 1416 3298 evidenter
1440 3253 1580 3315 appareat,
1607 3262 1688 3304 rene-

56 3359 116 3400 rum
129 3355 196 3414 spese¹
207 3347 268 3398 asts
280 3347 348 3396 sunt
357 3334 549 3410 perferuntur?
558 3334 626 3392 llum
639 3331 714 3390 enim
728 3347 761 3388 ca
774 3345 836 3404 qum
887 3329 1012 3388 nobilium
1023 3329 1143 3388 uirorum
1158 3330 1248 3388 denuo
1260 3333 1394 3406 professio
1406 3337 1546 3394 recitetur.
1576 3335 1687 3401 Petilia-

56 3437 164 3492 nbilitas
180 3444 227 3490 tua
241 3430 472 3502 recenserijussit
485 3429 520 3488 ob
536 3425 629 3486 olfacio
644 3424 745 3482 luerint
770 3437 837 3479 sen-
887 3441 936 3480 uus
947 3425 1083 3499 episcopus
1095 3425 1171 3481 dinis
1184 3423 1263 3483 Unde
1277 3427 1456 3486 recitabitur?
1469 3427 1503 3486 m
1516 3430 1571 3488 alin
1593 3451 1684 3492 mauu.

58 3540 124 3596 eta,
147 3543 264 3586 necesse
280 3538 309 3582 ut
324 3526 445 3596 acceptis
462 3521 596 3579 uniuersis
615 3527 729 3578 tractem
743 3515 835 3574 dison
886 3516 922 3576 Ut
935 3534 1028 3592 supra.
1043 3518 1183 3575 Montanus
1192 3521 1328 3594 mannus
1346 3522 1423 3578 dicit.
1440 3522 1479 3582 lie
1492 3524 1593 3584 sciteda
1605 3527 1686 3586 nobis

56 3637 154 3693 nanque
168 3619 267 3692 nribus
288 3618 380 3676 causis
396 3617 530 3688 quibusve
548 3613 636 3670 modis
654 3611 770 3668 debeam
792 3623 836 3665 re·
886 3609 1027 3667 recitetur.
1043 3609 1079 3666 Et
1091 3609 1145 3666 alia
1156 3628 1244 3668 mauu.
1259 3609 1295 3669 tu
1309 3628 1401 3685 snpra.

56 3717 183 3776 endere.
197 3714 313 3772 lanum
328 3711 429 3770 etenim
444 3707 622 3768 demandato
642 3705 751 3762 illorum
769 3715 836 3758 con·
922 3705 967 3762 ts.
982 3703 1153 3762 Marcellinus
1163 3705 1203 3761 air
1214 3706 1373 3764 cismarinus
1397 3709 1515 3768 tribunus
1527 3722 1554 3769 et
1567 3718 1684 3773 notamus

57 3811 170 3866 sionem
182 3823 273 3864 causet
288 3820 351 3863 esse
362 3803 534 3877 cognorint
546 3799 619 3858 etde
632 3795 777 3870 preteritis
793 3795 835 3852 is·
885 3797 962 3853 dicit.
979 3797 1051 3871 Ergo
1063 3815 1124 3870 qum
1136 3798 1274 3856 codicibus
1287 3811 1414 3859 terrentur
1425 3802 1537 3876 inserta,
1553 3823 1614 3864 cum
1626 3818 1685 3866 tan-

56 3903 98 3958 rui
112 3901 231 3959 debeam
243 3941 251 3968 ,
263 3907 291 3960 et
309 3911 457 3972 agnoscam
475 3895 512 3952 de
527 3891 709 3966 presentibus
728 3889 771 3945 cui
790 3887 835 3944 de
886 3890 906 3947 ti
919 3892 1075 3950 sacerdotes
1085 3892 1212 3950 custodes
1223 3894 1340 3966 appositi
1356 3895 1470 3968 luerint,
1493 3898 1521 3956 in
1537 3898 1684 3959 dubitatio-

56 4009 110 4052 tsrn
135 3992 315 4066 respondere.
338 3988 372 4045 Et
388 3989 443 4046 alin
471 4003 561 4042 aranu.
593 3983 730 4040 Errteritus
756 3993 834 4037 ceco·
885 3983 1437 4057 nemaliuunnrexistimantdeuocandn?

56 4089 122 4143 nori.
920 4077 965 4136 ti.
981 4077 1129 4136 Petilinnus
1141 4079 1276 4154 episcopus
1288 4080 1365 4137 dicit.
1378 4079 1462 4141 Notas
1474 4098 1528 4139 non
1540 4085 1682 4156 novimus:
1771 4150 1780 4168 g

64 4181 112 4237 5-1.
128 4175 302 4235 Marcelliani
314 4173 352 4230 blf·
364 4173 523 4230 clarissimus
535 4167 651 4226 tribunus
669 4176 694 4223 el
717 4165 833 4224 uulurt'ttt
884 4189 974 4250 neque
987 4190 1020 4233 ga
1030 4186 1127 4232 natura
1153 4192 1243 4232 gerum
1259 4185 1312 4245 esi,
1339 4177 1567 4252 atqugipsgpm
1595 4192 1626 4238 ug
1646 4184 1683 4242 iga

56 4275 106 4330 sit.
121 4274 202 4332 Licet
216 4271 352 4345 professio
362 4267 515 4328 sanctitatis
525 4263 688 4323 sestraesoln
704 4257 831 4325 sulliciul,
884 4268 1002 4326 dixerim
1016 4267 1178 4334 litterarum,
1191 4269 1372 4342 utquisquam
1384 4280 1465 4327 nous
1477 4269 1549 4345 legat
1567 4275 1682 4336 alienas.

57 4383 124 4424 men
137 4363 269 4438 quidquid
285 4362 360 4419 vobis
369 4361 406 4418 ¹tid
419 4356 625 4418 instructionem
647 4351 833 4426 plenissimam
883 4359 1066 4422 lneddluibus
1086 4363 1179 4434 legere
1197 4379 1252 4418 non
1272 4379 1430 4434 possumus.
1444 4365 1503 4422 Nisi
1529 4367 1601 4426 edita
1626 4372 1685 4430 fug.

56 4461 190 4517 edidistis
205 4473 284 4531 posse
296 4455 433 4524 sulficere,
451 4453 579 4511 besterna
589 4448 669 4506 dicet
679 4445 832 4520 postulasse
884 4454 939 4512 pinu
952 4463 1028 4530 gesta
1044 4454 1071 4512 in
1082 4455 1199 4528 paginis,
1213 4469 1268 4512 soon
1283 4455 1372 4512 habeo
1391 4456 1464 4530 quod
1479 4468 1605 4530 tractem,
1629 4479 1684 4520 non

56 4554 113 4629 92
129 4568 179 4610 sos
190 4561 218 4609 et
230 4551 369 4622 accepisse
384 4564 442 4606 uon
455 4545 569 4604 dubium
592 4552 644 4601 est.
660 4537 738 4600 Unde
759 4552 832 4597 nunc
883 4545 972 4604 hanno
984 4547 1058 4619 quod
1072 4548 1170 4620 tegani.
1192 4545 1228 4602 Et
1254 4548 1308 4602 ntia
1320 4565 1410 4605 omna,
1432 4547 1468 4608 [in
1488 4567 1580 4624 snpra,
1610 4553 1685 4612 Mar.

56 4644 65 4701 l
79 4661 172 4704 cousae
186 4641 314 4702 meritum
328 4643 462 4700 veniatur.
804 4703 807 4711 ,
843 4619 870 4683 Ῐ)
883 4641 992 4700 sellinus
1006 4643 1045 4698 air
1057 4641 1218 4698 clarissimus
1238 4640 1356 4698 tribunus
1374 4651 1397 4698 et
1418 4645 1534 4701 statarius
1545 4646 1622 4702 dicit.
1649 4649 1686 4708 Ut

66 4748 112 4806 55.
127 4747 275 4804 Petiliansa
288 4746 424 4817 episcopus
437 4741 514 4798 dicit.
530 4735 656 4796 Advertit
677 4729 831 4790 sublinitas
883 4738 1056 4806 dictumest,
1070 4737 1168 4794 iterum
1189 4734 1387 4794 venerabilium
1407 4737 1528 4798 uirorum
1548 4739 1683 4812 professio

57 4854 76 4896 to
91 4850 269 4912 exceptorem
284 4853 318 4896 ex
329 4835 469 4894 codicibus
480 4833 580 4906 legisse
592 4827 658 4902 quid
672 4825 832 4886 nudiuster·
882 4833 1023 4892 recitetur.

56 4947 103 4990 tna
117 4934 163 4990 die
173 4932 216 4991 vel
229 4931 393 5006 promissum
405 4928 486 4986 fuerit
498 4927 540 4983 vel
555 4922 770 4996 pronuntiatum.
790 4917 830 4975 Ex
918 4927 965 4986 44.
979 4925 1110 4983 Martialis
1124 4933 1245 4996 eseeptm
1255 4941 1288 4982 en
1299 4924 1487 4981 codicellorum
1495 4936 1616 4983 notarum
1631 4926 1683 5005 [re-

56 5039 84 5080 ua
97 5041 128 5084 re
139 5026 225 5098 magis
233 5038 350 5098 agnosco
361 5031 420 5080 acta
431 5019 520 5078 adbuc
529 5016 653 5090 exposita
668 5031 721 5072 non
734 5013 828 5070 inisse.
883 5022 980 5080 uranii,
998 5019 1129 5076 Notium
1141 5017 1198 5092 tna]
1208 5018 1284 5074 dimo.
1299 5016 1431 5088 Quosdam
1452 5016 1508 5078 diei
1534 5034 1604 5094 pene
1622 5039 1682 5082 om.

57 5121 111 5180 uod
126 5124 150 5179 si
160 5120 284 5192 exposita
300 5127 400 5180 suntet
415 5125 526 5188 parato,
544 5113 616 5170 idem
639 5119 769 5182 exceptor
786 5124 831 5165 re·
883 5132 945 5178 nem
957 5123 1061 5188 partem
1072 5121 1177 5169 constat
1188 5125 1337 5178 emensam,
1347 5108 1550 5169 idcircoutrum
1562 5129 1596 5171 ex
1606 5129 1682 5172 com-

56 5216 176 5281 pandent.
191 5215 313 5274 Proferst
323 5223 410 5288 gesta.
423 5209 582 5277 subscribe,
592 5217 746 5266 tractamus
759 5247 766 5272 ‚
780 5219 830 5276 po·
882 5207 959 5269 muni
976 5220 1111 5264 consensu
1128 5201 1231 5261 differri
1251 5203 1388 5275 negotium
1404 5203 1511 5276 placent
1527 5205 1679 5276 intimetur,

56 5321 91 5368 ca
104 5311 311 5384 respondemus.
323 5305 671 5368 litnlinmnsu.Petiliaaus
686 5301 830 5376 episcopus
882 5301 921 5358 nt
936 5301 1053 5372 utrisque
1066 5297 1183 5370 petitus
1194 5293 1294 5351 dictans
1305 5306 1353 5351 est.
1368 5295 1472 5364 Placet,
1488 5296 1614 5366 quoniam
1623 5297 1681 5368 jam

56 5406 189 5478 erogoosi.
881 5393 934 5451 iste
953 5390 1013 5448 dies
1033 5388 1142 5448 uidetur
1161 5402 1299 5445 censensus.
1325 5383 1456 5440 Nobilitas
1479 5393 1524 5442 tun
1548 5385 1624 5442 dicit.
1651 5387 1681 5445 ln

71 5497 116 5554 nd.
130 5497 299 5556 Marcellinus
313 5496 352 5552 uir
365 5493 524 5552 clarissimus
546 5491 699 5550 tribunuset
712 5486 829 5544 notarius
882 5503 962 5562 quem
990 5484 1063 5542 diem
1084 5482 1144 5539 lxmc
1163 5481 1222 5553 ipsa
1241 5476 1492 5550 comperendinatio
1513 5477 1679 5552 differatur,

56 5589 110 5646 init.
125 5593 249 5650 Studium
259 5589 401 5649 dilationis
413 5601 546 5662 agnomo,
561 5595 589 5646 et
601 5592 712 5643 nnete
731 5581 829 5638 solun·
881 5597 945 5656 pars
965 5591 1080 5651 utraque
1099 5576 1233 5648 designet.
1258 5571 1369 5645 dignius
1392 5571 1529 5644 epbcopus
1555 5571 1682 5632 Ecclesia

56 5686 248 5744 rtisindicium.
271 5686 402 5744 Potuerunt
424 5681 499 5742 cuim
526 5681 657 5740 sarnetitns
679 5685 769 5736 restra
796 5690 829 5732 er
882 5672 1106 5734 cntlsolicradinit.
1124 5670 1200 5727 Sicut
1220 5666 1310 5724 edicto
1335 5663 1462 5721 nobilitas
1476 5672 1520 5721 tna
1536 5667 1681 5741 praescrip-

56 5779 218 5850 ugnitudine
243 5787 403 5854 gestorum,
425 5770 456 5832 u't
477 5775 558 5834 bonine
581 5771 720 5846 negotium
738 5767 831 5826 dilicr·
881 5769 927 5838 sit,
942 5769 1061 5827 crastino
1075 5761 1231 5823 intermisso
1244 5765 1355 5832 propter
1364 5756 1576 5828 descriptionem
1595 5760 1678 5819 schc-

56 5879 113 5928 etur
124 5873 254 5945 superiori
268 5870 370 5944 iudicio
386 5867 534 5942 postulare.
556 5867 613 5924 llus
633 5863 742 5922 additur
756 5861 829 5934 quod
881 5859 988 5931 alarum,
1004 5857 1147 5942 perendie,
1163 5853 1184 5912 si
1197 5851 1334 5926 precipis,
1347 5849 1533 5912 observemus.
1559 5851 1680 5914 sidentia·
