3950 6317
252 272 306 331 665
821 278 864 335 DE
887 276 1012 337 saucit
1034 278 1179 337 zenonis
1200 279 1334 337 eeucttt
1804 296 1833 353 cll

253 401 310 446 tuin
325 406 358 448 es
374 392 461 449 nihilo
478 392 574 449 iecisse
588 407 679 451 rerum
695 402 827 451 naturam.
845 396 877 451 At
893 411 954 451 run
972 406 1047 451 notu-
1061 398 1087 461 ,ι
1099 402 1209 453 taaetsu
1221 394 1307 465 Zeno,
1333 397 1439 455 cautius
1450 399 1577 471 prolecto
1605 400 1750 459 meusim
1766 420 1836 478 upa·

252 501 360 543 ramea
378 484 458 541 soluts
477 486 566 558 {uerit
586 484 715 543 Christus.
740 489 820 546 erius
836 502 900 547 reru
911 487 1049 545 Christum
1101 488 1185 547 sisset
1196 502 1285 557 suem,
1300 492 1428 561 usquein
1442 492 1591 549 hrisnissui
1608 494 1840 569 suspicionesque

254 594 289 634 ex
304 577 390 634 nihilo
399 593 462 633 esse
474 577 594 636 dicebat.
611 578 678 637 Tune
686 581 757 650 quotl
770 581 880 637 liunus
892 598 951 637 curn
960 581 1051 654 (Chn-
1101 591 1145 639 eet
1159 582 1276 641 seduci:
1300 584 1388 643 Siculi
1400 584 1463 643 aliis
1476 586 1559 643 etiem
1575 587 1748 647 hauniensis
1761 591 1843 651 Pstsihu

252 673 340 743 stum)
362 688 394 727 ea
408 671 490 741 nihilo
510 682 636 730 constare.
661 674 697 731 lta
719 676 811 732 erius.
832 676 909 732 lianc
927 690 1049 733 errorem
1101 678 1247 749 contigisse
1257 659 1451 750 comperimus.

254 764 283 821 S.
297 763 373 819 Zeno
386 780 475 836 neque
487 780 541 823 uno
555 767 668 823 serhula
680 768 781 839 arquis.
796 767 837 824 llli
846 784 913 841 ergo
926 784 1052 839 camper-
1137 770 1195 827 hrii
1207 774 1290 829 etiam
1306 772 1387 845 impis
1399 772 1526 845 dogmate
1537 788 1596 845 prae
1605 776 1690 833 aculis
1701 792 1747 833 aaa
1759 778 1844 838 laissa

252 864 297 911 tus
321 870 374 913 non
395 867 465 925 erat,
487 858 510 913 si
525 873 587 915 cum
613 858 727 930 praecise
746 860 944 917 conuellendas
957 868 1050 929 esset,
1103 864 1373 923 nastrumzeuonem
1387 868 1843 943 erislentereonclsulitus,quisispri·

253 953 393 1021 propriam
413 952 448 1009 ssl
468 952 688 1011 confirmandum
706 964 896 1026 argumentum
919 957 1051 1027 preterit.
1104 969 1147 1009 me
1162 954 1269 1021 heresi,
1284 971 1365 1027 quam
1376 958 1503 1015 Tractatu
1515 960 1633 1029 septima
1644 960 1690 1015 lih.
1701 962 1845 1019 aenean

225 1083 228 1088 >
253 1041 324 1098 histo
340 1045 427 1115 ipsum
441 1060 505 1117 erqo
519 1062 640 1105 errorem
653 1049 772 1119 scripsit.
1104 1058 1237 1103 memoret
1250 1064 1367 1118 nempe:
1383 1048 1443 1105 lisso
1452 1050 1563 1123 misique
1577 1054 1672 1107 usserit
1685 1051 1712 1107 l.
1724 1052 1752 1107 C.
1768 1059 1791 1108 si
1803 1064 1848 1112 stas

292 1137 330 1193 lle
344 1137 456 1209 reliquis
477 1140 595 1210 propriis
614 1141 777 1199 Asianorum
792 1142 915 1198 iornsstlis
930 1157 998 1214 quas
1011 1157 1054 1200 rc·
1108 1138 1223 1211 hirpinis
1237 1139 1332 1197 llario
1349 1144 1488 1215 sumpsisse
1511 1144 1691 1215 principium:
1711 1144 1848 1215 ausse-

254 1231 430 1297 censuimus,
446 1232 518 1303 apud
528 1234 556 1289 8.
570 1233 708 1291 Zenonem
723 1234 809 1292 altum
824 1236 973 1292 silentium.
987 1236 1056 1291 Fur·
1103 1233 1165 1289 isses
1183 1234 1215 1289 oh
1225 1236 1356 1308 jushliour
1369 1240 1468 1307 [ouem
1490 1254 1546 1293 esse
1568 1254 1621 1297 stou
1635 1250 1728 1295 notatu.
1749 1240 1788 1309 Qui
1802 1242 1848 1299 esst

254 1327 338 1380 ssssslae
360 1325 523 1383 Asianorum
545 1327 588 1385 lias
607 1328 770 1386 sasstzNors
789 1346 888 1403 unipes
907 1328 980 1387 Deus
1000 1340 1055 1386 erut
1105 1328 1276 1386 Samoseleni
1300 1344 1378 1387 error
1400 1338 1463 1387 est:
1495 1330 1672 1388 Contrarium
1695 1334 1751 1389 trin
1770 1349 1849 1391 esrum

255 1418 348 1487 Potes,
363 1435 415 1475 nou
427 1436 526 1493 semper
538 1419 562 1475 F
562 1422 634 1477 ilius.
650 1462 657 1477 .
670 1463 678 1477 .
694 1419 759 1477 Cum
769 1424 856 1479 omnio
867 1423 920 1477 siut
929 1422 1051 1489 solidite,
1106 1420 1311 1479 instimulans
1330 1437 1428 1494 nempe
1452 1424 1618 1495 Episcopum
1630 1426 1714 1496 gralia
1726 1424 1804 1481 heluu
1814 1441 1851 1481 cese

252 1516 310 1585 ipse
322 1531 420 1587 quoque
434 1515 543 1588 (Filius)
556 1518 689 1573 conditura
701 1518 837 1587 quidenna,
853 1527 878 1573 et
889 1534 953 1590 opus
964 1517 1056 1573 huleri
1105 1515 1191 1571 Deum
1202 1514 1340 1585 predicet
1350 1514 1415 1571 Cum
1427 1516 1561 1573 uelleluos
1573 1532 1716 1590 procreare,
1728 1528 1778 1573 tuuc
1788 1534 1851 1588 qsqu

255 1606 362 1665 dehet..
382 1608 471 1663 .Euns
494 1608 604 1682 (Filium
628 1612 737 1683 stempe)
759 1628 812 1667 uass
826 1620 920 1665 notum
933 1611 961 1665 iu
976 1608 1056 1665 Putre
1105 1606 1182 1661 istum
1203 1609 1362 1677 procreauit,
1391 1624 1466 1679 queas
1485 1617 1623 1683 postquem
1642 1610 1737 1681 peneus
1758 1609 1852 1679 appellarit

256 1703 377 1768 existere,
391 1717 438 1755 nec
461 1718 515 1757 esse
532 1703 666 1775 proprium
685 1704 742 1773 ejus
763 1702 914 1758 substantioe
934 1700 1054 1767 Verbera,
1111 1700 1241 1756 Verhosu:
1267 1700 1311 1755 reti
1324 1711 1348 1755 et
1362 1701 1446 1771 ipsam
1458 1703 1542 1774 qratia
1562 1705 1657 1757 estitit.
1674 1703 1748 1757 Arius
1763 1702 1853 1777 (iuqmul

256 1812 303 1852 neo
316 1797 450 1868 propriam
464 1794 635 1868 Sapientiam,
656 1798 684 1853 iu
698 1814 748 1866 quo
761 1796 971 1851 nsundumillam
983 1812 1057 1851 creu—
1071 1788 1094 1849 B
1108 1796 1192 1865 gratia
1211 1794 1295 1849 Desssu
1315 1795 1437 1851 extitisse
1451 1794 1526 1851 dicit.
1553 1796 1637 1851 Error
1658 1806 1744 1851 eontra
1759 1811 1818 1865 quen
1831 1796 1854 1847 in-

257 1891 303 1956 eit,
314 1890 359 1945 sesi
370 1892 398 1945 in
407 1889 488 1947 Patre
499 1907 554 1946 esse
568 1890 642 1945 alisii
653 1891 798 1963 proprisos,
815 1900 838 1944 et
848 1890 977 1961 peculiare
993 1886 1056 1943 Ver·
1107 1886 1182 1943 veluit
1193 1886 1221 1944 8.
1244 1886 1336 1955 Zetho,
1353 1904 1405 1945 uon
1419 1891 1504 1963 qratia
1519 1932 1525 1951 ,
1539 1888 1587 1947 sed
1601 1890 1697 1945 meritc
1709 1931 1715 1955 ,
1729 1890 1755 1943 ol
1768 1888 1854 1961 justius

258 1982 328 2047 luas,
350 1981 480 2052 ullamque
496 1984 557 2037 item
572 1982 703 2054 proprioru
715 1981 879 2052 sapierttium,
902 1979 929 2033 iu
949 1995 1002 2049 quo
1014 1996 1058 2035 so·
1109 1978 1193 2035 Deam
1208 1978 1307 2035 iaetrtm
1319 1979 1426 2037 asserit.

259 2074 357 2140 picentia
371 2075 458 2143 ipsum
475 2072 586 2129 talne
596 2074 675 2145 serit:
694 2073 777 2144 sitque
788 2072 853 2127 oties
868 2073 953 2143 ipsum
968 2070 1058 2125 Douri-
1146 2072 1281 2139 Quantum
1297 2072 1418 2144 prolecto
1434 2072 1513 2144 longe
1533 2072 1568 2129 ah
1581 2073 1716 2145 impietate
1729 2074 1793 2138 h'rii,
1809 2074 1856 2126 sirh-

260 2163 771 2237 rrumClrristumrespecturotionolium‚
782 2164 1059 2233 quaestionantes,
1111 2181 1263 2237 nurumque
1280 2167 1437 2223 insectanda
1459 2166 1576 2223 abluerit
1600 2164 1629 2223 S.
1649 2166 1793 2222 Veronensis
1809 2168 1856 2221 inti·

266 2253 377 2309 i’eslusu
391 2271 444 2311 esse
456 2266 646 2329 nssneupotruu.
662 2296 669 2311 .
684 2296 692 2309 .
708 2301 714 2309 .
733 2254 816 2311 Deam
829 2272 880 2311 stan
895 2273 943 2311 nos
957 2266 1060 2329 propter
1111 2268 1182 2322 stes,
1199 2260 1248 2313 hac
1269 2258 1413 2315 asariilesta
1428 2260 1620 2315 obsecratione
1635 2258 1764 2315 euidenter
1775 2256 1857 2312 astutii-

261 2350 336 2404 illuus
363 2347 484 2421 (Filium)
505 2349 551 2406 sesi
572 2348 648 2404 illum
665 2358 770 2421 psopter
783 2365 832 2405 nos
849 2348 1006 2405 constitisse.
1027 2388 1059 2403 ..
1112 2362 1174 2405 tur:
1197 2348 1348 2421 Numquam
1366 2351 1391 2405 in
1407 2350 1579 2409 Tractatitius
1600 2352 1631 2409 S.
1653 2353 1767 2409 lioctoris
1782 2352 1858 2415 ,inrisu

264 2439 328 2496 Cum
347 2442 422 2499 selles
435 2458 482 2496 uos
492 2457 640 2513 procreare,
660 2454 720 2497 turre
734 2457 834 2513 quoque
847 2442 926 2496 istum
938 2456 1061 2509 procrea·
1112 2444 1155 2499 vel
1171 2442 1287 2499 hriassos
1300 2444 1454 2501 naminari:
1482 2446 1519 2502 lie
1538 2446 1655 2501 cssstcilio
1668 2446 1766 2501 Nieano
1784 2458 1810 2499 ne
1822 2458 1859 2497 scs·

262 2538 307 2599 sit,
319 2551 395 2604 quem
405 2544 539 2605 postquam
547 2536 646 2607 penitus
655 2546 704 2601 est,
715 2534 853 2607 appellarit
869 2532 994 2589 laium:
1007 2532 1062 2591 Sco
1113 2536 1176 2593 hum
1192 2536 1301 2609 quidem
1315 2538 1428 2609 reperiri
1442 2558 1449 2595 :
1463 2538 1699 2607 lieCossstuutino,
1712 2550 1737 2595 el
1746 2537 1859 2595 Constantis

265 2642 289 2685 et
302 2632 388 2701 ipsum
400 2631 483 2703 protis
498 2630 606 2687 exstitit.
625 2671 631 2683 .
649 2671 655 2683 .
671 2628 802 2683 Christum
815 2646 867 2685 nou
887 2638 1063 2683 comitaturis·
1114 2630 1216 2689 trullam
1239 2634 1403 2688 tractationem
1420 2633 1488 2689 iteri.
1516 2634 1583 2691 Gustu
1608 2650 1670 2691 reru
1691 2635 1722 2690 iis
1743 2634 1860 2703 tempor-ilos

264 2725 325 2793 loss,
340 2734 364 2779 et
377 2742 461 2780 aeram
479 2724 525 2781 liei
540 2725 693 2797 potentioris,
714 2724 759 2779 sesi
773 2724 838 2781 sicat
852 2738 947 2787 eruce,
961 2731 985 2775 et
1001 2722 1061 2775 hru-
1114 2724 1142 2779 S.
1157 2723 1232 2779 Zeuo
1247 2739 1261 2780 a
1277 2726 1399 2781 assisinis
1416 2724 1569 2783 Balleriniis
1583 2728 1771 2792 constituatur,
1789 2726 1861 2796 quanio

264 2821 306 2876 cisi
320 2822 485 2893 appellantur
498 2821 617 2891 potentie
630 2818 820 2887 Omnipotentis
838 2817 904 2884 Dei,
928 2818 966 2872 ito
978 2818 1063 2887 iprsuu
1116 2816 1221 2886 ipsimet
1234 2818 1327 2874 hrieui
1344 2820 1488 2889 primaevos
1501 2821 1576 2891 impii
1598 2822 1641 2875 sui
1661 2821 1772 2877 hrictoris
1789 2832 1861 2874 errores

264 2930 364 2985 quaque
373 2913 501 2985 appellari
513 2911 734 2979 Omnipoteutium
745 2909 843 2966 Putris.
849 2950 868 2991 ὃ
881 2946 890 2962 .
901 2907 1001 2963 Filium
1012 2922 1063 2961 nors
1115 2907 1151 2963 ah
1165 2910 1282 2981 antiquis
1297 2910 1431 2967 haereticis
1446 2923 1572 2984 acceptos
1588 2914 1861 2978 anathematizatum

264 3018 353 3063 aucte
365 3005 777 3079 coquossesePotreunueesuons
790 3004 893 3073 quidem
906 3002 988 3073 ipsius
999 2999 1062 3055 ssi·
1117 3003 1143 3059 in
1166 3004 1334 3061 Antiocheae
1355 3006 1517 3063 hriasturum
1536 3009 1642 3079 synoda
1667 3019 1724 3080 post
1740 3005 1862 3063 Constantini

263 3101 386 3155 stantiam
408 3102 537 3170 capnitoas
561 3098 664 3155 hahere.
693 3098 740 3155 tle
759 3108 824 3155 stttsl
843 3111 911 3168 quas
936 3096 1065 3156 Ssserates
1117 3107 1232 3152 istorlcm
1256 3098 1348 3155 hahita
1373 3116 1444 3155 antro
1457 3100 1487 3157 C.
1502 3100 1575 3167 hil,
1600 3102 1693 3172 inqua
1708 3096 1863 3157 tnrnsulsiilei

265 3191 311 3247 lli.
331 3208 351 3260 t,
372 3207 431 3263 cap.
451 3191 479 3260 6,
493 3192 624 3257 novellos,
643 3200 667 3247 et
679 3192 811 3246 inauditus
828 3189 883 3245 Arii
904 3188 1062 3244 strutiones
1077 3172 1100 3235 C
1118 3190 1191 3245 edila
1205 3200 1256 3258 est,
1272 3200 1299 3247 el
1312 3192 1339 3247 iu
1350 3208 1380 3249 ea
1396 3193 1596 3261 damssaulurii,
1610 3211 1670 3266 quau
1683 3188 1864 3250 assertionique

265 3286 382 3341 uocauit:
396 3285 430 3342 El
441 3286 609 3345 sozomenus
619 3285 664 3340 lil.
680 3301 700 3351 t,
715 3300 776 3355 cop.
791 3284 836 3353 te,
850 3285 919 3353 quoti
933 3299 950 3336 o
967 3280 1067 3335 mesine
1118 3299 1176 3353 pus,
1189 3294 1233 3336 out
1245 3294 1408 3349 masciatum,
1425 3298 1469 3340 esst
1482 3285 1605 3341 sessulam
1619 3304 1686 3353 esse,
1697 3286 1733 3342 uel
1746 3286 1811 3358 luae
1820 3292 1863 3335 ests·

266 3396 391 3449 umquam
407 3380 503 3435 metuas
521 3382 606 3452 {aaut
617 3379 673 3448 ipse
689 3376 793 3450 (huius)
812 3375 839 3431 ia
854 3374 971 3430 Ecclesia
986 3388 1067 3427 ausus
1118 3390 1194 3444 spansa
1207 3378 1353 3449 pipuerelur
1375 3376 1480 3435 Filius:
1504 3376 1550 3435 Vel
1567 3382 1591 3433 si
1609 3380 1667 3450 prsis
1682 3380 1782 3445 siseris,
1800 3374 1863 3429 Filius

267 3476 344 3545 [sterit
362 3474 519 3542 proedmere3
541 3486 601 3530 oute
619 3490 682 3544 quos
701 3482 822 3542 utrosque
838 3468 961 3537 iiuffsrtus
986 3468 1031 3523 tit.
1047 3482 1065 3521 st
1119 3478 1264 3522 cceulrumu
1275 3484 1329 3524 esse
1339 3480 1462 3537 luraquuus
1474 3488 1550 3527 auam
1565 3488 1596 3527 es
1606 3473 1708 3529 creetis
1721 3472 1756 3528 lla
1768 3480 1790 3525 ct
1801 3468 1864 3524 iulet·

267 3566 329 3621 hist.
342 3584 401 3637 cap.
417 3570 429 3621 i
443 3567 724 3640 :Proloquoetiumtle
735 3563 892 3638 suecessit
900 3564 1027 3635 prolem,
1043 3572 1067 3616 el
1119 3563 1190 3618 assuta
1206 3562 1464 3633 aNarcissoCiiice,
1481 3566 1594 3637 altisque
1611 3568 1698 3623 trihus
1706 3565 1864 3637 Episcopispta

267 3677 326 3731 quse
345 3669 424 3717 anteo
442 3662 469 3714 in
486 3663 652 3731 questionem
671 3677 811 3729 enumquam
831 3670 968 3725 cenaeus,
991 3659 1066 3728 clepsit
1120 3659 1247 3728 nauigata,
1260 3674 1312 3729 qua
1326 3660 1498 3716 anathemate
1513 3660 1664 3741 ieriqntun
1679 3664 1721 3733 qui
1734 3654 1864 3717 clarentii·

267 3753 490 3827 laetuslaetus
507 3753 627 3809 Hilarius
647 3754 770 3809 Arionem
786 3770 880 3810 arnonus
891 3754 1008 3809 laeserim
1024 3768 1067 3806 co·
1119 3750 1185 3807 lium
1199 3766 1260 3808 esse
1274 3770 1306 3809 es
1315 3770 1367 3809 uon
1379 3753 1561 3819 existentibus,
1575 3755 1616 3809 sel
1630 3756 1747 3811 exultem
1758 3748 1864 3825 hypostasi.

268 3858 308 3903 ool
320 3846 367 3903 til.
382 3862 417 3901 su
431 3848 463 3901 de
481 3844 608 3902 Triuitute
620 3864 648 3903 u.
664 3848 693 3913 5,
709 3847 827 3902 laeserim
844 3846 972 3901 nouelluus
990 3862 1016 3899 u.
1037 3844 1065 3911 G,
1119 3855 1142 3899 el
1155 3860 1206 3899 nort
1217 3860 1249 3900 ea
1261 3844 1325 3913 Deo,
1336 3858 1383 3900 urst
1393 3846 1620 3919 fuisseullqueudo
1632 3840 1864 3921 leurpssscmsueueu

269 3950 293 3997 et
305 3940 432 3996 trosellum
446 3940 515 3995 luem
528 3947 587 4010 post
599 3939 804 4012 quotlsiupcutos
820 3942 874 4009 lere
885 3950 969 3993 uranos
985 3953 1067 4008 isuper
1123 3947 1197 3991 esset.
1213 3936 1299 4005 luein,
1311 3948 1339 3991 et
1354 3938 1381 3993 in
1394 3939 1499 4009 syrtoslo
1512 3939 1658 3995 Sirmiensi
1670 3941 1706 3997 als
1718 3938 1808 3995 titanis
1819 3932 1865 3987 hail·

270 4033 399 4090 irruentem
412 4033 458 4088 tis.
476 4049 495 4096 ι,
509 4033 545 4086 oti
559 4030 738 4087 Constantium
751 4048 824 4087 esuris.
843 4032 870 4097 5,
888 4046 966 4101 quoru
994 4031 1065 4085 sciti·
1120 4030 1389 4087 spinosissimam
1404 4034 1512 4104 iuquam
1527 4050 1541 4087 a
1554 4035 1677 4091 Dominis
1687 4033 1816 4091 mutuantis
1826 4038 1865 4081 elli

268 4135 308 4180 cet
328 4139 385 4181 oute
402 4126 494 4181 miuus
512 4125 612 4191 docuit,
631 4135 657 4180 et
677 4125 850 4195 propapuosit
867 4140 949 4178 rsenso.
966 4123 1068 4179 Cassera
1120 4121 1149 4179 S.
1162 4122 1450 4193 Zeirenispostutuuia
1466 4125 1523 4181 itae
1536 4140 1695 4199 munstur,
1707 4121 1865 4183 ensicctaiih'lt

268 4219 327 4276 haec
349 4221 380 4275 l).
398 4220 472 4275 Zeno
485 4229 536 4275 nec
552 4219 632 4275 nttttit
642 4218 761 4289 quidem.
776 4217 850 4275 Alias
862 4217 1004 4285 icrsuulas,
1019 4232 1067 4274 scu
1119 4223 1161 4271 cst
1171 4214 1200 4271 8.
1216 4216 1354 4273 Zenonem
1371 4220 1398 4272 in
1410 4221 1534 4290 antiquas
1549 4220 1669 4277 ltaereses
1683 4224 1715 4278 ah
1727 4224 1784 4292 ipsis
1796 4215 1865 4272 trians

268 4330 378 4371 errares
388 4318 470 4381 alios,
492 4330 561 4380 utros
577 4314 659 4369 huius
676 4330 691 4369 a
706 4314 895 4380 samosateno,
911 4320 1020 4371 hrtema
1036 4326 1068 4367 nc
1119 4314 1260 4369 cassinatus
1275 4312 1430 4382 disserere,
1445 4325 1622 4387 recentesque
1637 4322 1757 4373 omittere
1767 4312 1870 4371 saltim*-

269 4407 375 4464 hutone
388 4410 487 4472 hausit,
498 4408 625 4465 eumdem
640 4417 780 4466 auctorem
793 4418 916 4466 nostruin
927 4407 1067 4479 impetisse
1118 4405 1244 4477 Nihilque
1266 4406 1300 4461 sle
1320 4405 1419 4462 eelshri
1444 4409 1621 4463 constantinae
1643 4410 1688 4464 illa
1708 4410 1772 4465 circs
1792 4404 1865 4460 serhu

269 4500 395 4564 uidimus,
407 4512 477 4558 etea
487 4517 547 4574 quae
557 4502 687 4575 Dionysio
697 4501 883 4569 Alexandrino
893 4502 1064 4567 exciderunt,
1119 4503 1162 4559 ris
1177 4499 1314 4573 iussurus
1330 4498 1435 4569 paenitus
1446 4498 1567 4571 attigisse
1578 4503 1590 4555 'l
1601 4518 1665 4580 qtae
1678 4512 1757 4568 ussto,
1768 4508 1791 4556 el
1801 4496 1858 4553 lhtlo

231 4633 236 4641 «
268 4593 383 4664 eoquod
395 4594 502 4650 incaute
514 4596 665 4665 protulerit.
679 4593 744 4649 Curru
758 4595 790 4648 sit
803 4611 844 4649 res
854 4595 935 4664 loeta,
950 4610 1002 4649 non
1013 4603 1068 4647 erut
1080 4569 1107 4631 Ῑ)
1121 4594 1234 4648 licorum
1248 4634 1255 4657 ,
1282 4600 1309 4647 el
1324 4592 1484 4649 hrisnosnu
1500 4593 1619 4663 ardore,
1641 4606 1667 4651 et
1680 4595 1782 4650 slelenst
1794 4636 1800 4656 ,
1810 4599 1829 4647 et
1838 4589 1867 4641 la·

163 4669 167 4675 ’
268 4698 406 4756 antequem
417 4688 509 4757 fimet:
528 4687 805 4759 haecvulpataatque
821 4687 946 4742 dasssssatu
967 4684 1069 4741 ahEc·
1120 4685 1418 4757 pssgssatstniteoipso
1435 4698 1638 4757 temporeque
1655 4680 1866 4753 leronsissiculc

270 4782 363 4846 alesia,
380 4791 408 4836 ut
423 4782 638 4836 ‹lemosutratum
652 4790 694 4836 ess
706 4796 800 4852 supra,
813 4796 875 4836 cum
890 4782 948 4837 hsii
961 4791 1068 4851 tempus
1119 4780 1167 4835 siae
1179 4779 1208 4836 S.
1224 4778 1360 4833 Zenonem
1375 4778 1527 4847 praeficiunt
1540 4780 1717 4837 ersioiusshnt
1730 4777 1814 4836 laniati
1827 4770 1865 4825 liti·

268 4878 379 4932 nsisrintc
398 4885 566 4941 cssstnutent,
588 4872 637 4931 sed
653 4874 789 4942 Gaiiieui;
810 4876 882 4930 nulla
902 4875 1007 4930 ratione
1034 4876 1068 4929 sals
1122 4872 1160 4927 tte
1174 4871 1225 4925 lsoc
1238 4884 1304 4925 vero
1316 4884 1439 4941 agemus,
1451 4884 1512 4925 cusu
1527 4870 1561 4927 cle
1573 4871 1735 4929 hrianurunr
1747 4866 1864 4927 lortutlssil

269 4968 350 5039 liutius
360 4967 532 5039 imperatoris
541 4982 602 5022 ceso
614 4967 795 5021 removendus
806 4978 847 5023 cst
856 4966 885 5024 S.
899 4968 972 5022 Zeno
982 4986 988 5021 z
998 4966 1067 5035 Quin
1121 4965 1189 5019 shbit
1201 4978 1300 5019 sermo.
1315 4963 1431 5019 Intactas
1445 4966 1534 5036 itaque
1548 4965 1578 5021 S.
1596 4966 1671 5025 Zeno
1682 4967 1822 5023 hriassuumt
1832 4970 1869 5030 pta

269 5062 325 5115 imo
345 5075 406 5116 cusu
424 5062 459 5118 sle
474 5062 530 5117 hrii
551 5061 667 5132 propriis
689 5062 826 5115 esuarihus
848 5062 948 5117 niallam
969 5060 1063 5117 inseruit
1119 5058 1192 5127 prins
1208 5056 1337 5112 lucinulas
1351 5072 1412 5111 cum
1427 5056 1576 5130 reliquerit,
1594 5059 1660 5117 Ario
1674 5060 1828 5133 posteriorem
1839 5053 1867 5103 il·

271 5154 447 5221 mentionem,
461 5156 547 5211 multo
558 5164 621 5210 ante
632 5155 733 5210 vixisse
743 5154 875 5212 discussius
885 5170 935 5211 est.
1119 5152 1236 5206 hunslum
1251 5164 1303 5205 ttett
1318 5164 1380 5205 esse
1392 5150 1595 5207 euitlentissima
1607 5163 1723 5210 coissent.

306 5246 345 5303 Ex
356 5262 390 5302 eo
402 5248 510 5318 spssiieut
525 5246 554 5303 S.
566 5246 703 5303 Zensmem
716 5248 797 5303 tertio
811 5250 911 5303 saeculo
922 5252 1071 5320 scripsisse·
1118 5246 1132 5317 ᾗ
1156 5246 1227 5303 lttll.
1245 5244 1299 5301 SS.
1322 5243 1414 5302 Patres
1425 5246 1488 5301 sirio
1502 5250 1673 5319 posteriores,
1686 5251 1757 5317 sirii,
1769 5243 1868 5303 sterilli*

268 5347 392 5408 cunstat,
407 5340 479 5399 otrod
498 5341 570 5395 eirca
584 5340 748 5410 precipuum
764 5340 840 5395 illum
854 5342 909 5396 hrii
923 5357 1045 5421 errarem
1059 5384 1064 5397 .
1146 5354 1203 5393 rssru
1219 5339 1339 5411 proprius
1351 5340 1478 5410 formulas
1488 5342 1542 5395 susis
1556 5342 1584 5397 ia
1602 5343 1720 5413 operibus
1732 5342 1852 5414 mittut.

270 5430 336 5487 Cum
352 5432 427 5488 selles
447 5448 492 5487 uos
514 5448 651 5502 moeream
673 5431 790 5505 (Pater),
807 5436 1065 5504 tisucquoques'stum
1154 5434 1263 5505 Aliquot
1286 5434 1433 5507 seligerum
1452 5432 1501 5493 SS.
1522 5436 1654 5505 Panum,
1678 5438 1723 5510 qni
1741 5443 1793 5507 post
1808 5430 1867 5486 tusa

269 5523 393 5597 (Filium)
405 5527 557 5598 procrescit.
569 5526 718 5595 stsmdam
733 5542 794 5583 cuna
808 5527 963 5584 hocerrore
977 5527 1067 5583 alhtsi·
1118 5528 1293 5597 scripscttmt,
1309 5530 1470 5597 sententias,
1487 5537 1517 5584 ut
1531 5530 1558 5584 iu
1574 5530 1607 5586 iis
1622 5532 1741 5603 proprias
1752 5529 1867 5585 hrisultlfl

269 5624 351 5673 talem
363 5621 613 5678 sethusumsaltem
623 5620 650 5675 in
659 5618 820 5690 quihustlaas
833 5619 862 5677 S.
875 5618 994 5675 Zenonis
1006 5634 1065 5675 ser·
1117 5619 1248 5675 formulas
1272 5620 1433 5675 iiidicemus.
1463 5624 1501 5677 ex
1525 5638 1608 5693 supra
1622 5625 1780 5680 enumeratis
1792 5618 1867 5676 huilli

271 5709 396 5766 issonihus
406 5711 520 5779 reperiri
531 5723 607 5783 putat
619 5712 754 5778 Palatius,
765 5713 800 5769 sle
810 5728 864 5783 qun
875 5711 990 5769 interius
1000 5726 1065 5783 epe·
1118 5732 1175 5769 assiu
1189 5714 1310 5770 lormrslis
1325 5716 1412 5785 prima
1428 5727 1469 5772 est
1484 5734 1490 5771 :
1503 5715 1564 5773 Nou
1585 5734 1687 5789 uesper
1700 5718 1765 5774 Deus
1782 5722 1823 5769 erst
1837 5706 1869 5761 ic

269 5793 339 5855 miss.
352 5799 509 5873 sinumque
522 5808 685 5875 pusterlam
699 5819 841 5863 sermones
851 5820 917 5865 sitos
927 5806 1067 5864 ltehuisset
1118 5816 1166 5873 ter,
1179 5808 1232 5861 tran
1242 5821 1342 5877 semper
1353 5804 1449 5867 Fmss.
1465 5807 1567 5867 Gontrs
1580 5809 1774 5871 hancei-'rorem
1784 5812 1869 5877 pselli·
