3950 6317
96 356 123 413 st
533 364 762 461 utsssttrsttu
781 366 813 437 tt,
836 366 880 429 nn
900 371 929 429 s.
947 340 1101 437 'zenonis
1120 380 1302 445 uoctmut.
1705 403 1744 461 se

99 475 148 531 ieri
169 478 284 536 solitum
306 478 420 551 probare
444 494 594 551 possemus.
610 480 676 551 Qum
687 482 850 555 conjectatio
865 484 888 541 si
901 493 929 557 A
940 490 1039 551 cadere
1053 498 1142 567 notuit
1162 501 1197 557 ad
1218 516 1319 559 aunum
1343 521 1429 579 usque
1442 508 1492 566 stt
1504 550 1512 577 ,
1525 524 1580 583 quo
1606 512 1742 571 idolorum

98 568 137 625 cni
150 570 297 640 probetur,
308 572 397 645 posito
409 572 463 642 jam
485 572 556 644 quud
575 574 605 631 S.
619 572 735 633 Zenonis
754 574 889 633 ordinatio
939 585 1042 645 onltoro
1063 592 1245 651 soromsstmis
1267 596 1372 670 legibus
1385 601 1484 675 ubiqtm
1503 604 1585 677 plano
1605 608 1742 667 ennianum

100 662 124 719 in
137 663 205 723 diem
221 683 248 721 rr
263 666 299 723 id.
315 665 467 724 decembris
474 666 628 735 incurrerit,
641 668 766 726 eumdem
775 685 819 726 tn.
836 670 891 729 stt
940 679 1059 739 uidimus
1079 698 1140 757 cap.
1156 685 1185 753 2,
1198 686 1213 760 ἦ
1228 689 1337 747 most
1356 691 1457 753 intrant
1472 709 1588 757 morton,
1603 702 1656 759 ,up
1668 702 1743 760 ὠή.

101 756 248 813 ordinatum
277 757 459 817 veronensem
484 761 639 831 episcopum
663 761 792 833 colligere
815 761 888 819 licet.
940 774 1038 831 ottonis
1051 776 1262 845 imperatoribus
1276 788 1476 845 „nemoroso
1490 792 1621 849 „penem
1644 804 1742 867 0192.

102 848 241 909 lluimrero
263 852 451 909 ordinationes
469 853 659 925 cpiscoporum
682 854 820 909 liuminicn
844 854 891 913 tie
942 869 1096 936 terepalam
1106 871 1204 941 potnit,
1214 873 1241 929 in
1252 874 1332 948 culus
1342 875 1514 939 dedicatione
1523 883 1740 955 relinitiatione,

101 955 214 1017 peractas
234 946 404 1016 exploratum
431 956 484 1003 est.
511 945 597 1001 Porro
622 946 692 1003 inter
717 962 762 1003 an.
787 946 842 1003 556
863 956 891 1004 et
941 950 1235 1033 qnncrsntqne'luerit,
1273 966 1304 1023 S.
1335 967 1411 1026 Zeno
1438 980 1583 1031 tactorum
1609 976 1704 1033 Appen,
1732 994 1742 1033 1

101 1056 191 1097 ιιιιιι
205 1040 316 1097 circiter
336 1039 410 1107 58⁰.
425 1054 480 1113 oto
502 1038 787 1097 interveneramus
806 1041 892 1097 cotto
942 1049 1047 1109 tatuit.
1062 1051 1327 1116 Porneromzcnom
1340 1063 1656 1125 concionsurttoreresse
1668 1069 1743 1127 tter·

101 1136 148 1192 cmi
163 1135 277 1193 Zenonis
295 1134 468 1208 episcopanos
483 1143 588 1206 potest,
602 1135 628 1191 ιιι
639 1150 666 1191 tt
687 1134 721 1192 id.
738 1134 891 1193 decerrtbrls
942 1144 1016 1211 tiles,
1031 1154 1061 1201 ut
1081 1146 1148 1205 nibil
1170 1159 1258 1207 metus
1276 1150 1339 1209 inde
1352 1153 1528 1226 injiceretur,
1541 1160 1614 1231 quod
1634 1163 1743 1219 tracon

104 1229 228 1286 {lominica
245 1229 303 1286 dies
316 1238 360 1286 ter
374 1228 478 1297 incidit,
491 1230 617 1287 nimirum
634 1231 693 1303 ipso
704 1246 749 1287 an.
764 1230 828 1301 556,
843 1246 889 1287 an.
942 1238 1065 1310 ejusdem
1076 1241 1125 1297 lib.
1140 1257 1150 1299 ι
1163 1243 1291 1301 tradituro
1308 1246 1436 1305 uidimus.
1447 1250 1544 1321 lugens
1558 1252 1604 1308 tlte
1614 1255 1743 1311 meconio.

101 1322 158 1387 idi,
171 1336 215 1379 au.
233 1324 297 1381 375.
315 1322 390 1381 Zeno
411 1330 502 1382 autem
526 1323 646 1381 ordinari
668 1326 812 1397 episcopus
836 1339 890 1381 non
942 1348 1084 1390 memorum
1099 1336 1230 1408 cujusque
1242 1344 1341 1405 rotatis,
1353 1354 1448 1408 setus,
1461 1344 1636 1414 conditionis,
1651 1357 1681 1403 et
1694 1362 1744 1404 na·

102 1418 179 1489 potuit
192 1432 237 1475 au.
258 1418 327 1482 356,
340 1432 402 1475 cunt
416 1432 451 1477 eo
461 1432 534 1475 anno
547 1416 668 1475 Lucillus
680 1419 795 1487 niteret,
809 1418 851 1475 rel
863 1418 889 1474 ei
942 1418 1025 1476 tionis
1036 1420 1126 1491 copie,
1139 1435 1221 1492 quam
1235 1426 1381 1495 quotannis
1393 1426 1598 1500 baptismalibus
1610 1430 1689 1490 undis
1702 1432 1745 1489 di·

101 1520 197 1571 mortuo
220 1512 266 1571 ria
293 1512 420 1571 Gricinus
446 1514 630 1571 successerit:
650 1528 704 1570 nun
727 1526 799 1569 anno
824 1511 889 1581 b'lb,
942 1509 1027 1567 lutam
1043 1512 1136 1583 plures
1151 1522 1282 1573 tractatus
1296 1525 1448 1589 metuntur,
1461 1530 1490 1577 et
1503 1521 1743 1593 inpensillecbri-

102 1609 189 1681 quippe
213 1623 247 1665 ea
269 1606 405 1665 Ambrosii
432 1608 547 1681 epistola
570 1608 710 1679 aliquanto
729 1615 793 1664 ante
816 1605 889 1663 bunc
941 1606 1091 1661 atiannrum
1111 1608 1234 1678 quotidie
1253 1615 1470 1671 excrescentium
1485 1630 1628 1686 numerus,
1641 1618 1685 1675 cui
1697 1632 1744 1675 ca·

102 1698 330 1757 annumludlciam
345 1710 571 1766 consecraverat,
586 1708 616 1755 ut
629 1699 755 1771 superius
769 1698 890 1758 ostendi·
942 1697 1044 1769 piendo
1073 1714 1144 1757 uota
1164 1701 1228 1759 licet
1246 1712 1276 1760 et
1287 1705 1382 1776 ampla
1408 1708 1543 1777 ecclesia,
1568 1720 1643 1767 osset
1664 1710 1746 1767 nimis

102 1812 164 1853 mus.
175 1796 265 1869 ltaque
277 1796 392 1854 soloen.
408 1796 473 1864 not,
493 1796 559 1867 imp.
574 1795 673 1854 iuliani
695 1804 844 1867 postremo,
861 1810 888 1851 st
941 1800 1056 1866 augusta
1072 1808 1105 1851 es
1121 1804 1202 1851 tract.
1215 1796 1247 1853 tt
1269 1796 1317 1855 lib.
1329 1814 1351 1866 r,
1364 1802 1478 1865 numi.
1498 1816 1552 1857 non
1565 1812 1610 1861 est
1623 1802 1744 1860 incredi-

102 1892 135 1947 ιιι.
158 1892 305 1949 decentioris
324 1890 354 1949 S.
372 1890 511 1949 Zenonem
531 1890 688 1963 episcopum
703 1898 890 1947 consecratum
906 1897 931 1958 Β
945 1884 1016 1940 bilis.
1030 1885 1242 1961 [muirtemne
1252 1888 1354 1962 reliqna
1366 1902 1525 1963 quenulam
1534 1894 1653 1964 aliquam
1660 1893 1746 1953 ebro·

106 1985 180 2041 luisse
192 1984 256 2041 satis
266 1984 397 2041 credibile
410 1992 463 2041 est.
941 1980 1034 2036 nicam
1047 1979 1178 2051 prolerre
1198 1992 1317 2054 quemn.
1333 1992 1362 2041 et
1384 1985 1408 2040 si
1432 1998 1487 2043 nou
1501 1986 1591 2043 omnia
1614 2000 1677 2043 cum
1692 1986 1746 2045 bac

134 2077 183 2134 Sed
195 2078 261 2145 banc,
274 2087 304 2135 ιιι
319 2078 399 2149 paulo
411 2085 475 2135 ante
489 2076 619 2143 diximus,
634 2091 682 2148 per
692 2076 890 2148 conjecturam,
941 2080 1025 2127 :etate
1040 2083 1215 2141 concurrant,
1229 2088 1291 2130 curu
1306 2074 1359 2131 alia
1371 2085 1554 2144 ottncurrant;
1568 2088 1689 2136 nostram
1708 2078 1746 2136 de

100 2183 173 2240 quam
186 2168 244 2226 eliis
258 2168 477 2237 examinandam,
490 2178 519 2225 et
528 2168 719 2240 respuendam,
733 2169 776 2225 rel
792 2166 891 2224 conllr-
941 2164 1059 2223 Zenonis
1087 2183 1147 2223 cro
1172 2170 1335 2228 seutentiam
1363 2171 1486 2245 abjicias,
1497 2173 1635 2246 aliumque
1656 2172 1693 2230 ab
1709 2187 1746 2230 eo

102 2262 217 2321 mandam
235 2264 426 2337 relinquimus.
443 2264 511 2321 burn
525 2278 591 2321 tero
602 2271 665 2331 stet,
678 2262 750 2335 quod
764 2262 800 2319 ab
813 2262 890 2320 initio
941 2262 1064 2318 omnium
1084 2270 1249 2321 mctatuum
1273 2275 1412 2325 auctorem
1429 2277 1592 2339 statuasper
1604 2282 1656 2325 nos
1668 2266 1743 2324 licet.

103 2357 249 2431 paragraphi
275 2358 354 2429 buius
369 2358 520 2431 posuimus,
534 2358 651 2413 Zenonis
672 2368 783 2414 setatern
805 2358 888 2429 pluri-
942 2353 971 2409 Si
986 2368 1053 2411 nero
1066 2354 1128 2411 iruic
1145 2357 1220 2413 retati
1240 2359 1408 2416 contentam
1427 2360 1590 2429 omnia,alii
1602 2360 1676 2417 aetati
1688 2374 1744 2416 nou

103 2451 147 2508 bus
158 2451 323 2509 documentis
338 2453 484 2519 lirenatam,
508 2452 695 2509 internorum
709 2452 762 2509 556
783 2462 812 2508 et
835 2450 890 2509 380
941 2458 1113 2520 congruant,
1140 2450 1209 2507 nibil
1222 2466 1367 2524 superesse
1387 2454 1563 2527 intelligimus
1581 2468 1636 2525 qno
1655 2454 1746 2510 minus

102 2546 198 2605 circiter
208 2560 269 2605 esse
282 2546 518 2615 constituendam
532 2547 633 2617 optime
649 2546 813 2605 contentum
827 2560 888 2603 om·
943 2542 972 2599 S.
987 2542 1127 2600 zenonem
1141 2544 1299 2617 episcopum
1311 2545 1520 2616 veronensem,
1546 2544 1643 2604 eadem
1665 2555 1746 2603 aetate

102 2642 195 2707 nia,ut
214 2641 281 2697 nibil
303 2640 409 2701 melius.
425 2640 526 2699 iuliani
544 2640 688 2712 imperium
716 2639 889 2716 episcopatus
941 2634 1096 2703 llorcntem,
1112 2653 1207 2695 rerum
1229 2647 1405 2711 tractatuum,
1419 2655 1489 2713 quos
1510 2640 1644 2713 qenuiuos
1665 2640 1748 2697 urrius

102 2737 155 2805 eine
178 2736 419 2809 initiapotuerunt
439 2736 583 2806 attingere,
598 2748 652 2807 quo
668 2743 791 2805 tempore
816 2741 890 2803 pute·
942 2729 1015 2787 letus
1041 2731 1220 2800 secrevimus,
1248 2746 1381 2805 nqnoscas
1408 2742 1438 2791 et
1460 2734 1570 2791 talearis
1593 2744 1745 2799 auctorem,

103 2828 161 2885 bant
174 2828 306 2887 idolorum
327 2829 437 2901 templa,
454 2838 482 2887 et
495 2828 530 2885 de
541 2828 603 2899 jure
617 2824 779 2897 templorum
792 2826 891 2883 licebat
943 2824 1061 2895 linisque
1074 2824 1185 2883 tandem
1200 2826 1356 2897 imponatur
1369 2826 1403 2882 iis
1415 2825 1621 2892 controuersiis,
1634 2840 1695 2897 qua
1709 2824 1746 2883 ds

104 2921 278 2989 mutendere,
292 2930 321 2977 ut
341 2920 456 2979 traditur
477 2928 585 2979 tractm.
602 2920 638 2976 tn
652 2920 700 2977 tin.
726 2934 746 2985 t,
761 2917 833 2991 qnod
847 2928 888 2975 ta·
942 2916 1063 2975 Zenonis
1077 2918 1188 2991 scriptis
1209 2928 1239 2977 et
1252 2920 1450 2991 atatetntlam
1472 2918 1552 2976 annls
1564 2918 1747 2975 litteratorum

106 3028 159 3071 men
169 3015 255 3087 ipsum
270 3016 298 3073 in
310 3016 426 3073 aliorum
447 3028 555 3088 quoquc
571 3014 766 3085 imperatorum
780 3020 889 3070 mtatetn
941 3012 1047 3069 animos
1060 3012 1255 3071 distinuerum.

450 3268 545 3349 [2¹va
564 3261 950 3350 DISSERTATIO
990 3260 1300 3369 SECUNDA,

387 3430 626 3496 zeumttum
659 3426 877 3494 nocturum
906 3430 1111 3497 vmntctts
1141 3427 1443 3494 connumerans.

385 3666 596 3727 pflooetttun.
907 3664 1002 3729 cnon
1023 3666 1147 3737 scripte,
1158 3676 1206 3725 sut
1224 3668 1363 3726 auctariis
1375 3670 1473 3729 saltem
1482 3678 1607 3745 excepte
1620 3671 1745 3731 luerunt:

944 3758 987 3815 ecl
1002 3759 1026 3815 si
1047 3760 1111 3831 quid
1135 3760 1174 3817 illi
1198 3760 1369 3820 elaboratum
1392 3764 1539 3821 attulerunt
1560 3765 1589 3821 ιιι
1612 3765 1745 3837 medium,

943 3852 1016 3925 quod
1026 3854 1116 3927 colliqi
1127 3864 1231 3927 posset,
1243 3855 1294 3927 ipsi
1302 3872 1335 3913 ex
1351 3858 1472 3929 pluribus
1478 3856 1601 3929 eiusdem
1611 3861 1746 3917 sermoni-

944 3947 1006 4015 bus,
1017 3950 1063 4019 qui
1081 3949 1192 4020 aliquod
1202 3961 1390 4023 arpumentum
1405 3961 1571 4023 spectarent,
1595 3968 1679 4009 unum
1701 3956 1746 4028 pel

144 4032 256 4102 Etiamsi,
274 4052 335 4095 curn
358 4038 393 4097 ds
411 4038 521 4096 Petrum
543 4038 721 4096 concionibus
735 4050 827 4093 sermo
839 4044 890 4103 est,
945 4042 1037 4113 plures
1047 4044 1131 4100 libros
1145 4054 1351 4117 compegerunt,
1365 4056 1395 4102 ut
1413 4045 1553 4102 concionis
1565 4058 1643 4103 setus
1655 4044 1743 4103 torma

114 4138 172 4194 cpru
184 4132 281 4204 concipi
294 4132 382 4189 soleat
393 4149 445 4190 non
461 4134 548 4205 magui
563 4132 704 4199 momenti,
719 4128 894 4201 nectalequi·
946 4135 1027 4206 pinne
1039 4135 1160 4209 perierit.
1176 4136 1221 4194 Sic
1235 4136 1382 4195 Clementis
1405 4137 1580 4200 Alexandrini
1601 4152 1685 4210 opera
1711 4154 1746 4195 eu

115 4214 168 4275 dem
181 4232 208 4277 ιιι
230 4231 344 4283 excitate
358 4226 526 4283 eruditorum
546 4226 741 4289 nitettliottetn,
763 4232 790 4277 et
806 4222 894 4279 cottii-
946 4228 1039 4285 struitis
1061 4226 1238 4287 concionibus
1261 4227 1375 4303 abipso
1396 4243 1507 4287 anctore
1530 4230 1611 4286 simul
1624 4229 1747 4288 ,subinde

117 4320 172 4365 mre
196 4313 308 4385 ipsorum
335 4318 441 4374 animos
466 4318 568 4373 utiliter
592 4318 679 4388 possit
693 4334 699 4371 :
714 4324 804 4372 tanren
832 4328 893 4371 curn
947 4315 1362 4381 contextiseteditisconstant3
1377 4314 1747 4372 etsimiliterccmmentsria

116 4412 239 4464 sermones
259 4414 429 4483 antiquorum
458 4412 606 4482 presertim
628 4410 737 4467 Petrum
753 4408 771 4465 ii
784 4408 839 4465 sint
866 4408 894 4463 in
947 4408 978 4467 S.
994 4408 1090 4467 llilarii
1103 4410 1129 4465 in
1137 4410 1273 4477 Psallam,
1287 4410 1415 4481 pleraque
1428 4410 1457 4468 S.
1470 4409 1605 4467 Ambrosii
1618 4424 1701 4481 opera
1711 4409 1747 4466 de

117 4494 201 4563 quilius
212 4514 237 4558 et
254 4505 393 4576 disciplina
415 4516 508 4572 retus,
526 4515 554 4561 et
576 4520 681 4561 morum
700 4503 815 4576 lideique
827 4501 893 4559 doc·
948 4503 1133 4559 ministrorum
1149 4502 1266 4570 Oillciis,
1282 4501 1317 4559 de
1333 4501 1479 4575 Alpsteriis,
1497 4510 1551 4579 etc.
1565 4542 1574 4566 ,
1588 4502 1685 4558 eadem
1702 4516 1747 4557 ra·

118 4585 176 4641 trina
192 4592 340 4654 christianis
354 4596 472 4671 antiquis
492 4597 589 4654 tradita
609 4596 760 4654 custoditur
778 4594 897 4668 tquibus
948 4596 1023 4653 tinne
1037 4611 1071 4651 ex
1088 4597 1168 4651 uariis
1183 4595 1341 4651 tractatibus
1354 4593 1457 4666 digesta
1472 4602 1631 4652 noscuntur.
1648 4594 1680 4649 lli
1696 4595 1748 4650 ita·

116 4679 187 4738 rebus
207 4691 380 4754 prestabilius
404 4692 469 4747 nillil
492 4706 553 4747 esse
568 4690 677 4763 potest)
698 4686 822 4761 prolecto
839 4703 896 4744 retu
948 4703 1002 4761 que
1016 4687 1134 4743 Zenonis
1147 4686 1314 4743 Veronensis
1334 4695 1462 4741 tractatus
1476 4684 1659 4757 antiquissimi
1681 4692 1746 4741 sum

118 4769 191 4839 iistm
202 4780 355 4857 diltqemius
369 4786 554 4843 consideranti
574 4785 750 4842 concionibus
763 4783 896 4857 ejusmodi
948 4780 1069 4836 omnium
1084 4782 1155 4835 inter
1168 4778 1291 4847 Latinos,
1309 4792 1396 4850 coque
1418 4777 1529 4835 tremine
1549 4778 1608 4835 brec
1620 4776 1747 4833 collectio

118 4870 257 4935 tractarius
267 4879 333 4935 nibil
350 4894 412 4937 esse
423 4879 597 4949 iudicabitur.
610 4876 688 4947 nouo
701 4878 723 4935 si
735 4878 856 4934 omnium
871 4875 897 4931 id
949 4883 1048 4945 preter
1062 4882 1175 4929 ceteras
1188 4872 1308 4931 iaciendo
1322 4872 1432 4929 maximi
1443 4881 1497 4929 est.

117 4972 189 5025 penus
209 4977 369 5031 tractatuum
392 4973 451 5029 ltaec
470 4974 538 5029 rrttio
560 4970 681 5029 babendo
703 4979 754 5035 est,
780 4973 896 5028 inanima
986 4966 1028 5023 Ad
1041 4981 1086 5023 res
1106 4981 1173 5023 tero
1185 4967 1258 5039 ipsas
1278 4982 1339 5038 quas
1350 4966 1440 5038 aliquo
1460 4966 1585 5036 inopere
1604 4963 1750 5021 continctr-

117 5048 176 5110 lund
196 5059 276 5124 dubie
301 5067 431 5125 babeatur
450 5076 558 5138 oportet
580 5079 675 5121 eorum
695 5064 742 5135 qui
763 5063 797 5120 ab
828 5056 1006 5133 anti-Dine,
1027 5066 1051 5122 si
1065 5065 1184 5121 animum
1199 5063 1380 5137 adjiciendum
1396 5072 1486 5136 putes,
1501 5070 1530 5120 ut
1543 5059 1610 5118 nibil
1625 5061 1747 5119 dieamus

116 5144 190 5210 tuiort
203 5159 336 5229 scriptore
358 5158 502 5226 lucubrati,
518 5158 631 5229 primam
647 5156 898 5215 etvetuttissimam
950 5160 986 5217 de
1008 5159 1041 5215 iis
1061 5174 1122 5231 quse
1136 5157 1276 5230 prolansrn
1296 5156 1330 5213 ad
1354 5156 1534 5214 eruditionem
1559 5155 1706 5227 pertinent,
1732 5168 1749 5211 e

116 5245 259 5307 ser¹¹²tttttant
272 5248 460 5309 collectionem
478 5250 632 5307 exbibesut.
651 5250 790 5324 Ejusmodi
808 5262 898 5309 autent
951 5251 1049 5325 quibus
1070 5250 1154 5308 multa
1169 5252 1195 5307 itt
1217 5250 1438 5307 adnotationibus
1454 5248 1570 5307 subinde
1589 5245 1748 5304 considera·

117 5335 167 5384 ⁰⁵⁵0
181 5340 312 5399 tractatus
335 5356 484 5413 quosuunc
497 5342 613 5408 edimus,
628 5352 658 5401 ιιι
668 5345 836 5415 exploratum
852 5344 900 5400 ba-
952 5348 1069 5414 tuntum
1083 5347 1243 5419 praeclarum
1261 5344 1362 5402 ueteris
1380 5343 1533 5415 disciplinae
1553 5342 1697 5413 imaginem
1716 5353 1750 5395 ac

116 5412 181 5491 Μ,
195 5428 294 5504 lectur,
310 5437 374 5493 illud
390 5437 548 5505 considera,
563 5436 634 5507 quod
649 5440 699 5494 etsi
719 5438 774 5509 jam
789 5436 852 5494 iude
867 5438 901 5495 ab
956 5440 1071 5515 insiquia
1096 5439 1253 5511 dogmatum
1280 5438 1567 5511 praestantissimorum
1595 5432 1750 5489 testimonia

117 5518 240 5582 tnuttotts
259 5542 353 5585 ornnes
374 5528 493 5599 episcopi
508 5528 535 5584 in
551 5528 693 5599 pascendis
711 5529 803 5586 diuino
816 5530 901 5585 verbo
957 5534 1032 5591 bisce
1045 5536 1074 5589 in
1085 5534 1384 5605 tractatibusprostant,
1394 5526 1752 5605 eqrrtnnsetecctestasttcse

118 5602 201 5664 stibus
211 5618 335 5675 adulam
350 5634 459 5691 operam
478 5628 627 5691 ponerent,
643 5621 715 5677 nulia
738 5630 827 5679 nmen
841 5636 901 5679 ser·
955 5626 1106 5699 discipline
1118 5625 1281 5697 scriptores,
1296 5634 1324 5683 et
1337 5625 1399 5681 ildei
1412 5624 1530 5681 vindices
1549 5620 1684 5692 prolicere
1698 5635 1752 5674 nou

122 5704 216 5795 ΙΙξῡιιιιιι
237 5712 260 5767 id
270 5712 377 5784 generis
390 5713 514 5771 collectio
528 5714 657 5786 suppetit,
669 5730 749 5786 quam
760 5714 796 5771 ob
807 5724 900 5772 aucto·
957 5718 1092 5773 modicum
1108 5718 1222 5788 possim.
1241 5716 1327 5785 Quam
1349 5716 1447 5773 euinrie
1467 5713 1512 5769 illa
1531 5710 1683 5781 discipline
1704 5728 1752 5769 ca·

124 5795 156 5839 ns
169 5800 269 5871 tempus
283 5816 376 5863 nostro
389 5808 438 5863 bac
449 5807 628 5880 antiquiorem
643 5808 787 5865 ostendere
802 5810 900 5881 possis.
958 5810 1023 5879 pita,
1038 5807 1136 5875 quibus
1158 5817 1184 5863 ct
1209 5816 1380 5879 pcccatorum
1405 5804 1622 5869 coelestionem,
1645 5808 1753 5874 uecnml

127 5872 900 5973 cttricionesnimirumteterrtm'eutomporepronuntiatu,
960 5900 1146 5970 pertinentium
1170 5899 1287 5968 aliquam
1311 5898 1479 5969 bsptisnmtis
1495 5907 1665 5952 sacramento
1687 5890 1752 5952 olim

110 3795 139 3853 ln
150 3816 196 3872 quo
207 3802 239 3857 tle
252 3801 454 3860 Zotouiuuorum
470 3814 624 3859 troctmuum
646 3801 796 3876 mentumis
809 3816 893 3874 praes

324 3900 441 3972 qttoedm
455 3908 655 3972 pronuntientur.
