3950 6317
87 325 117 387 'il
489 321 713 385 assentante
731 322 753 393 l,
774 320 818 381 uti
833 320 861 383 S.
879 320 960 383 ΖΕΝ.
972 312 1099 383 TRbC'l.
1116 322 1162 383 ΕΤ
1176 323 1315 387 AEib'ill.
1691 314 1727 373 78

86 434 189 503 rebant,
202 432 361 493 incredibile
371 434 480 494 omnino
493 446 545 497 cst.
558 440 691 497 Proterea
704 439 873 509 imperatoris
887 440 910 501 Α
926 446 1017 510 patant
1033 439 1195 497 certioribus
1209 453 1341 497 arrnorum
1354 435 1486 498 limitibus
1500 429 1727 493 circumscribere

85 526 282 585 nomineteno
305 528 549 601 rogatosutliliam
566 530 877 601 ejusadnemunevetta-
927 532 1002 589 licet.
1029 532 1141 591 Sestum
1181 534 1365 593 veronensem
1404 533 1561 605 episcopum
1590 525 1725 585 Lucillum

88 630 135 675 tam
149 630 270 688 sanaret,
285 636 345 677 cunt
365 636 399 679 eo
413 621 548 695 proiectos
563 623 689 695 eiecisset
701 623 875 689 daemonium,
927 623 1029 683 risisse
1043 640 1089 682 an.
1110 626 1174 694 356,
1185 636 1233 683 aut
1255 628 1350 682 saltem
1366 624 1509 697 (siquidem
1532 619 1631 677 obierit
1644 618 1726 691 paulo

86 728 205 767 coronant
233 714 357 785 regalem,
382 730 461 786 qnam
485 716 542 786 ipse
567 712 706 773 Gallienus
731 717 877 787 imperator
927 717 1105 789 amolricum
1120 733 1154 777 eo
1173 732 1245 775 anno
1262 718 1297 775 alt
1310 716 1458 773 Athanasio
1469 713 1619 787 judicatum
1643 710 1728 767 luisse

85 802 163 874 capite
188 818 236 857 ruo
257 804 381 875 gestabat,
409 804 444 861 ab
464 806 559 863 eodem
586 806 725 876 accepisse
750 806 875 874 traditur,
927 808 1081 868 luculenter
1095 810 1268 883 probavimus
1282 809 1296 883 i
1312 810 1340 867 ὅ.
1352 808 1457 868 Lucilio
1475 817 1565 865 autem
1581 804 1726 876 Gricinus,

85 911 159 968 qnam
175 912 236 953 mor
252 898 413 969 pauperibus
427 896 565 957 distribuit
580 916 587 955 ι
602 916 663 955 com
679 908 742 957 ante
754 898 877 956 Aurelia·
927 917 975 961 seu
990 904 1138 963 Griclrinus
1151 921 1185 963 cx
1205 904 1390 975 catalogorum
1408 903 1505 959 ordine
1516 901 1648 973 septimus
1663 911 1726 954 suc·

86 1002 143 1043 num
159 988 184 1044 id
197 991 306 1061 generis
318 1001 507 1050 ornamentum
522 992 652 1051 Romanis
669 992 877 1065 imperatoribus
927 996 1010 1054 cessit
1025 1013 1035 1051 ι
1050 995 1123 1054 bunc
1136 1005 1227 1054 autent
1243 1004 1357 1053 octavus
1380 994 1488 1065 excepit
1501 991 1530 1047 S.
1545 990 1629 1059 Zeno,
1644 1003 1725 1061 quem

85 1096 133 1136 non
149 1082 228 1137 itterit
245 1081 273 1136 in
291 1096 351 1137 usu.
367 1081 434 1151 Quis
449 1084 511 1139 dein
527 1085 595 1141 tueri
609 1084 786 1157 probabiliter
802 1095 877 1157 pote·
927 1088 1037 1157 quidem
1061 1088 1193 1157 brieltini,
1222 1091 1260 1145 uti
1285 1089 1425 1161 appellat,
1453 1099 1640 1145 successorem
1667 1082 1727 1153 ipse

84 1175 116 1231 rit
134 1174 271 1233 ethnicum
305 1175 496 1247 imperatorem
523 1176 628 1235 Zenoni
648 1180 819 1237 concessisse
847 1185 877 1236 ut
927 1180 1139 1240 etiambndrens
1147 1183 1287 1241 [landoltus
1301 1182 1327 1239 itt
1339 1180 1475 1239 Chronico
1490 1177 1617 1251 prodidit,
1626 1176 1673 1233 lib.
1687 1192 1726 1245 tv,

83 1270 149 1325 idolo
163 1272 248 1326 ontnio
261 1269 415 1339 destrueret,
439 1280 463 1326 et
480 1272 507 1326 in
520 1270 616 1329 Citristi
632 1274 733 1328 nontinc
757 1272 876 1329 contestor
927 1285 987 1345 cap.
1003 1275 1030 1342 5,
1044 1284 1110 1332 tom.
1126 1291 1167 1335 stt
1185 1274 1287 1331 Rerum
1309 1273 1409 1341 italic,
1422 1288 1485 1347 pag.
1510 1272 1555 1331 55.
1569 1269 1656 1327 Porro
1674 1267 1727 1323 Zc·

84 1362 232 1435 fabricare&
256 1353 348 1434 itique,
364 1378 424 1419 curn
443 1364 466 1419 is
479 1362 615 1421 Veronam
638 1365 800 1440 repetiisset,
819 1364 877 1421 lac·
927 1378 1027 1422 nonem
1041 1366 1096 1423 uita
1105 1368 1163 1439 iam
1175 1368 1309 1436 iunctum,
1328 1382 1389 1426 cum
1408 1366 1439 1427 S.
1454 1364 1614 1423 bntbrosius
1627 1362 1661 1419 ad
1677 1361 1729 1433 Sy-

84 1466 136 1513 tum
158 1455 311 1537 luisseilta
325 1464 352 1512 ιι
367 1471 429 1512 cunt
445 1470 479 1513 ne
493 1472 545 1512 una
564 1455 673 1529 quidem
689 1456 795 1529 publiea
808 1454 873 1511 alibi
927 1462 1032 1535 agrium
1055 1465 1182 1535 scripsit,
1196 1463 1292 1524 eadem
1314 1463 1394 1520 tertio
1413 1459 1585 1535 paragraplro
1606 1455 1729 1515 ostendi·

84 1550 232 1607 christianis
259 1548 374 1607 ccclesia
402 1548 500 1616 luerit,
524 1548 638 1607 Veronae
663 1564 710 1619 per
736 1547 873 1606 Zenonem
927 1572 1000 1617 mog,
1016 1556 1091 1615 uana
1100 1568 1190 1616 autem
1204 1558 1339 1618 gnrpfosit
1353 1557 1496 1629 epistotam
1508 1554 1627 1615 editores
1640 1553 1728 1609 Bene·

84 1642 247 1713 imperatoris
268 1641 327 1713 clus
342 1640 469 1699 mandato
481 1641 572 1719 plures
584 1640 685 1698 luerint
699 1650 874 1709 constructae,
927 1648 1023 1707 dicuni
1045 1649 1158 1723 affigunt
1182 1665 1254 1709 anno
1266 1651 1376 1708 circiter
1390 1649 1454 1717 380,
1480 1648 1516 1705 ita
1537 1658 1627 1705 tamen
1645 1656 1675 1703 nt
1698 1646 1727 1701 in

85 1734 118 1791 uti
138 1732 258 1806 proditur
278 1749 306 1789 n.
322 1734 348 1788 i.
365 1730 419 1791 Sed
444 1735 522 1807 plura
534 1734 598 1805 alia,
621 1750 681 1808 que
706 1734 874 1792 considerari
927 1741 1025 1800 ordine
1037 1742 1228 1815 chronologico
1245 1742 1421 1815 epistolarum
1438 1742 1583 1801 advertant
1607 1756 1655 1797 eos
1680 1739 1727 1811 qui

83 1835 200 1897 possent,
215 1827 371 1882 omittamus
387 1842 394 1881 ι
411 1826 469 1883 brec
483 1826 555 1883 enim
570 1826 602 1883 ad
619 1828 780 1883 narrationis
794 1826 874 1899 bajus
886 1834 912 1897 Β
926 1832 998 1891 bunc
1011 1850 1114 1892 annunt
1133 1836 1260 1908 ingerunt
1273 1848 1299 1892 et
1315 1814 1465 1904 inculcant,
1485 1836 1586 1892 nutibus
1600 1833 1729 1907 opinionis

81 1921 876 1997 ligrnentumdemonstrartdumapudidoneosjtnlicessatis
926 1943 980 1983 rue
1005 1929 1129 1986 rationem
1156 1928 1272 1983 reddere.
1297 1926 1353 1986 lVos
1365 1927 1474 1998 quidem
1496 1927 1638 1999 aliquanto
1665 1935 1729 1995 post

81 2028 211 2086 superque
223 2024 295 2072 sunt.
308 2016 339 2072 Si
349 2031 414 2073 uero
424 2016 526 2089 aliquid
537 2019 592 2073 teri
606 2018 675 2073 iuter
686 2018 875 2091 improbabilia
928 2023 1000 2079 ltunc
1012 2037 1135 2091 annum,
1149 2038 1203 2079 noo
1218 2032 1309 2080 autent
1321 2023 1414 2090 citius,
1436 2034 1484 2078 eas
1495 2019 1602 2077 litteras
1614 2018 1649 2075 ab
1664 2020 1730 2073 ilm-

82 2108 150 2175 latet,
166 2108 230 2165 illud
245 2126 327 2168 uuum
343 2110 480 2183 conjicere
503 2125 658 2185 possumus,
674 2114 733 2167 irasc
754 2110 875 2169 Corona·
927 2114 1020 2172 brasio
1042 2114 1119 2172 datas
1142 2115 1206 2173 inde
1233 2114 1394 2187 conjicimus
1418 2112 1491 2187 quod
1510 2112 1629 2169 Zenonis
1653 2125 1728 2174 ntors

82 2208 132 2256 tunt
154 2216 185 2258 ea
206 2204 277 2275 tulgi
303 2203 448 2260 traditione
472 2201 531 2261 sine
552 2203 607 2259 ullo
629 2204 754 2265 examine
778 2204 875 2263 litteris
927 2223 980 2265 non
1006 2208 1098 2275 eitius,
1114 2206 1161 2265 sed
1184 2206 1273 2265 serius
1293 2206 1450 2265 collocanda
1465 2204 1575 2263 aliunde
1592 2203 1727 2262 rideatur.

80 2294 235 2365 prodidisse.
252 2292 395 2351 Traditum
411 2294 532 2351 fortassis
548 2295 636 2355 iuerat
662 2298 808 2370 antiquitus
823 2294 876 2353 Ze·
926 2298 985 2355 Non
997 2300 1087 2363 cititts,
1099 2307 1130 2355 ut
1142 2298 1270 2358 idoneum
1285 2308 1418 2356 statuatur
1429 2308 1545 2371 ternpus,
1556 2314 1611 2370 quo
1626 2298 1656 2355 S.
1675 2296 1731 2368 epi-

80 2404 173 2445 nnuetn
189 2386 330 2460 cujusdam
343 2387 874 2459 Gallieniilliamadnemonelibcrasse,
927 2379 1026 2465 scopus
1053 2391 1251 2450 veronensium
1285 2392 1477 2449 liberalitatem
1505 2392 1532 2447 in
1558 2391 1727 2462 captiuorum

80 2492 105 2537 et
118 2496 176 2537 cum
192 2482 272 2557 rotgo
287 2489 366 2538 notus
378 2491 453 2538 esset
471 2480 613 2538 Gallienus
630 2482 788 2553 imperator,
809 2480 875 2538 Gal·
926 2486 1115 2557 redemptione
1136 2486 1270 2559 insignem
1292 2483 1485 2543 contmcndare
1508 2482 1628 2555 potuerit
1647 2491 1726 2538 tract.

81 2575 140 2631 lteni
167 2568 337 2647 imperatoris
363 2576 445 2631 liliam
471 2590 487 2632 a
510 2574 620 2633 Zenone
641 2576 780 2632 liberatam
806 2574 875 2631 tradi
929 2579 963 2633 li
989 2579 1037 2635 tto.
1051 2595 1071 2646 t,
1096 2593 1156 2651 quae
1168 2578 1277 2651 quidem
1293 2576 1446 2649 redemptio
1457 2582 1510 2632 lant
1524 2574 1643 2633 celebris
1663 2588 1731 2631 eae-

81 2673 166 2742 ccepit.
180 2670 208 2727 ln
218 2668 398 2743 scriptoribus
408 2670 457 2726 aeui
469 2670 629 2742 posterioris
640 2668 773 2741 ujusttrodi
786 2670 876 2743 lapsus
928 2671 1030 2727 cutiooi
1053 2670 1174 2727 mandari
1202 2684 1256 2726 oon
1279 2668 1385 2743 potuit,
1410 2668 1465 2727 nisi
1485 2667 1642 2741 aliquandiu
1666 2676 1728 2739 post

81 2764 227 2836 frequentes
245 2770 402 2833 occurrunt,
418 2771 449 2819 ut
461 2778 523 2819 cum
545 2763 668 2835 qondam
685 2780 729 2820 er.
745 2778 787 2834 gr.
808 2780 875 2833 prm·
928 2764 1215 2835 lladrianopolitanant
1226 2779 1354 2835 pugnant,
1364 2763 1392 2822 io
1406 2778 1457 2831 qua
1468 2761 1568 2819 Valens
1579 2762 1650 2835 dieto
1661 2761 1730 2819 obiit

82 2856 164 2915 sidunt
175 2856 284 2914 nomina
298 2856 493 2929 imperatorum
514 2856 672 2912 nominibus
685 2856 784 2913 similia
797 2862 884 2928 repe-¹
929 2853 1155 2927 mensebugusto
1168 2855 1231 2911 anni
1258 2854 1322 2922 578,
1344 2862 1374 2910 ut
1392 2869 1425 2914 ex
1440 2853 1596 2928 disputatis,
1618 2869 1678 2927 cap.
1694 2852 1728 2923 2,

83 2954 175 3020 rcriot,
199 2952 380 3025 imperatores
403 2967 437 3008 cr
462 2952 621 3023 presidibus
644 2952 768 3009 iecerint.
794 2952 875 3008 Forte
928 2948 1127 3022 §Zeolligere
1136 2949 1253 3021 ⁴quisque
1268 2955 1368 3020 potest.
1377 2946 1470 3005 Serius
1479 2962 1545 3004 uero
1558 2962 1591 3005 eo
1601 2962 1647 3004 an.
1663 2946 1728 3014 580,

82 3044 212 3101 Gallienus
227 3040 284 3112 ille,
301 3042 378 3115 cujus
398 3044 503 3099 anirum
517 3042 601 3099 liliam
621 3042 650 3100 S.
668 3042 740 3099 Zeno
759 3046 874 3107 curarit,
929 3046 971 3103 rel
993 3061 1066 3103 nnoo
1089 3044 1225 3117 sequenti,
1248 3043 1365 3103 Zenonis
1379 3053 1494 3099 mortem
1509 3042 1641 3104 accidisse
1662 3043 1728 3101 illud

85 3136 273 3209 Pulntitllocns
293 3147 335 3195 est
360 3139 432 3194 inter
455 3138 615 3194 Tridentum
640 3148 667 3195 et
691 3138 823 3195 Veronam
847 3138 874 3193 in
922 3156 984 3197 nott
1012 3138 1226 3210 improbabiliter
1240 3138 1348 3205 suadet,
1363 3141 1433 3209 quod
1456 3139 1484 3196 in
1507 3136 1729 3210 frequentissimo
1761 3138 1768 3145 '

85 3227 206 3285 Antonini
220 3228 364 3286 itinerario
377 3229 557 3301 memoratus)
573 3230 696 3303 degebat,
712 3239 740 3287 ut
755 3230 911 3293 rnareltiuC
929 3234 1084 3292 Occidentis
1108 3231 1224 3289 concilio
1244 3230 1375 3302 Aquileia
1397 3231 1491 3289 ltabito
1516 3247 1562 3287 an.
1589 3232 1655 3299 581,
1681 3233 1727 3289 ubi

82 3321 168 3393 Scipio
180 3320 298 3380 blaileius
313 3323 340 3380 itt
354 3324 469 3394 epistola
485 3324 518 3380 ad
529 3323 652 3381 Colotutn
668 3326 768 3383 inserta
781 3336 876 3381 tonus
929 3326 1019 3398 plures
1031 3325 1204 3384 libitimarunt
1220 3326 1369 3398 presertim
1385 3325 1491 3384 urbium
1506 3326 1626 3395 episcopi
1641 3324 1727 3381 iuter·

84 3414 162 3473 ltaliae
174 3432 272 3485 sacra,
283 3432 347 3490 pag.
360 3417 425 3485 675,
438 3419 591 3475 observarit
607 3437 613 3473 :
629 3428 729 3477 etcum
744 3418 813 3477 idem
829 3410 877 3477 ille
928 3420 1058 3490 luerunt,
1076 3420 1240 3477 Veronensis
1260 3434 1313 3476 noo
1337 3427 1469 3489 appareat
1485 3438 1491 3473 :
1505 3417 1578 3489 quod
1598 3419 1649 3475 etsi
1665 3417 1727 3473 aliis

83 3510 116 3565 ob
132 3512 242 3568 nominis
256 3512 461 3569 similitudinem
479 3528 513 3569 cs
528 3512 665 3569 additione
685 3514 756 3587 tulgi
777 3514 803 3569 in
825 3516 875 3569 int·
927 3515 961 3571 de
987 3519 1079 3572 causis
1100 3514 1211 3573 evenire
1226 3513 1311 3585 potuit
1335 3514 1400 3583 quin
1420 3511 1454 3567 atl
1477 3518 1592 3571 mortem
1624 3510 1727 3569 relere-

84 3610 226 3672 peratorem
247 3604 403 3677 migrasset,
428 3606 479 3661 alia
505 3605 693 3676 improbabilia
715 3608 739 3663 ei
753 3604 875 3662 bistoriae
927 3623 987 3667 ntus
1014 3607 1073 3680 (alii
1094 3608 1168 3664 enim
1192 3606 1294 3676 aliquot
1315 3604 1440 3661 similiter
1453 3602 1578 3677 abluere)
1593 3610 1682 3663 tamen
1698 3605 1726 3661 id

86 3696 195 3753 suffittde
209 3698 317 3754 luerunt
332 3697 432 3767 addita,
446 3712 505 3769 quar
522 3714 536 3752 a
560 3697 696 3755 coronato
711 3710 835 3773 sttscepta
849 3708 876 3757 ct
927 3716 987 3757 eant
1002 3700 1072 3757 torte
1090 3698 1185 3755 babuit
1202 3712 1327 3763 eausam,
1344 3695 1417 3765 quod
1432 3696 1542 3755 Zenone
1555 3706 1675 3765 mortuo,
1697 3694 1724 3752 id

85 3786 179 3856 scripta
189 3786 374 3846 inveniuntur.
386 3788 439 3847 set
453 3790 529 3863 plura
541 3790 568 3847 in
580 3789 622 3846 bis
632 3791 874 3863 cortjecntiontons
928 3793 1057 3859 temporis
1073 3790 1131 3846 bne
1143 3788 1224 3847 sedes
1235 3798 1354 3846 vacaret.
1367 3789 1411 3845 Sic
1421 3789 1493 3847 eninr
1508 3804 1615 3861 equum
1627 3803 1727 3845 memo·

86 3876 334 3943 incineratorum
355 3882 875 3957 plattectiutliguuutcredimusQuid-
927 3896 995 3941 ratae
1033 3882 1211 3953 redemptioni
1247 3890 1352 3953 tempus
1385 3880 1555 3952 relinquitur.
1591 3880 1727 3952 Quidquid

85 3970 145 4039 qaid
159 3972 235 4043 igitur
250 3982 293 4030 est
304 3974 338 4030 de
351 3976 455 4047 origine
469 3974 549 4045 buius
563 3974 671 4045 fabulae,
691 3992 752 4047 quae
775 3976 875 4033 Gallie·
926 3987 1017 4037 autem
1038 3976 1131 4039 idest,
1157 3973 1346 4045 proculdubio
1367 3974 1438 4031 inter
1450 3988 1550 4031 anttunt
1564 3972 1618 4031 356
1630 3982 1658 4030 et
1671 3972 1725 4031 380

86 4066 342 4139 numitnperatorem
352 4068 487 4136 inculcat;
499 4070 590 4125 caeteri
603 4084 698 4126 omncs
714 4071 875 4143 licetquarn·
926 4070 1035 4126 circiter
1050 4067 1167 4124 Zenonis
1177 4066 1298 4137 episcopi
1309 4076 1375 4123 actas
1390 4065 1530 4123 statuendo
1545 4073 1596 4123 est.

88 4156 181 4227 plnres,
195 4170 222 4217 at
233 4176 292 4219 aero
306 4160 414 4234 quidem
430 4161 605 4233 posteriores,
621 4164 664 4233 qni
679 4162 750 4219 illurn
765 4160 874 4221 eCoro-
961 4160 1031 4219 iluic
1052 4161 1126 4217 etati
1141 4175 1222 4231 quam
1237 4160 1307 4216 belle
1321 4168 1471 4231 congruant
1481 4158 1571 4215 omnia
1581 4172 1643 4229 quus
1656 4172 1726 4229 prae·

87 4260 147 4308 nato
166 4258 303 4327 excepisse
323 4266 474 4313 noscuntur
487 4257 534 4331 (ita
553 4268 581 4311 ut
595 4273 628 4313 ex
646 4256 741 4314 eodem
763 4257 873 4313 totidem
926 4256 1021 4313 sertim
1043 4268 1076 4311 er
1097 4252 1256 4311 tractatibus
1274 4253 1366 4323 aliqua
1389 4253 1518 4322 temporis
1532 4263 1596 4308 nota
1610 4251 1725 4323 signatis

87 4360 152 4417 sape
159 4348 243 4407 serbis
251 4358 401 4422 repetatur,
415 4365 447 4407 ao
458 4350 484 4405 in
496 4351 568 4421 ipsas
577 4348 749 4420 antiphonas,
762 4364 874 4421 respon·
925 4346 1168 4406 animadvertimus
1182 4346 1272 4417 capite
1286 4344 1422 4409 secundo,
1438 4352 1582 4414 antequam
1597 4342 1725 4400 declara·

87 4440 151 4495 soria
166 4452 191 4497 et
216 4442 333 4515 bymnos
355 4440 418 4499 inde
432 4442 643 4515 immigraucrit)
668 4458 720 4499 non
744 4444 873 4513 majorem
925 4457 997 4509 mus,
1012 4441 1104 4508 liccat,
1118 4453 1222 4512 quaeso,
1241 4440 1300 4496 sine
1322 4439 1375 4495 ulla
1389 4437 1509 4495 sodada}
1528 4451 1643 4520 censura
1666 4437 1724 4509 epi·

89 4530 161 4591 fldem
175 4549 332 4595 merentur:
348 4546 375 4595 et
396 4539 447 4594 lrao
460 4538 565 4594 ratione
582 4538 704 4594 cuulsmn
727 4536 833 4595 tandem
846 4546 874 4595 et
925 4549 1053 4614 scopatus
1070 4542 1130 4611 eius
1152 4540 1257 4597 initium
1278 4538 1326 4609 (de
1347 4537 1402 4595 lloe
1421 4538 1494 4595 enirn
1508 4536 1624 4594 certiora
1640 4534 1726 4591 docu-

87 4638 201 4682 erenum
223 4630 332 4700 penitus
351 4627 425 4685 rides
440 4626 658 4699 fondamentum,
683 4628 727 4684 etti
747 4627 870 4685 inolitum
886 4619 910 4680 D
926 4645 1016 4691 menta
1045 4629 1252 4705 suggessimus)
1271 4629 1470 4699 eorrJeetatione
1492 4626 1633 4695 quadam,
1661 4641 1723 4697 qun

88 4716 121 4773 de
140 4718 247 4779 Zenonis
258 4732 340 4780 aetate
352 4721 466 4779 Gallieni
482 4722 624 4795 imperium
638 4720 786 4795 attingente
801 4736 869 4793 pre·
926 4725 1011 4783 menti
1033 4724 1161 4792 occurrit,
1175 4723 1307 4787 itrtticare,
1321 4721 1357 4777 ita
1373 4731 1462 4779 taruco
1474 4729 1504 4775 ut
1517 4733 1572 4777 non
1585 4717 1723 4774 affirmate

87 4809 201 4880 iodicium
212 4816 344 4873 innititur.
358 4814 515 4871 llocautem
529 4816 628 4887 posito,
642 4814 703 4886 quis
715 4812 871 4870 bacnarra·
927 4820 1073 4891 quidquam
1094 4816 1232 4885 uelimus,
1256 4816 1305 4873 sed
1331 4814 1357 4873 id
1380 4816 1460 4872 unice
1482 4827 1635 4885 proponere
1648 4808 1720 4881 quod

90 4902 243 4979 1101111111
261 4906 420 4979 11111111ύί110
439 4906 581 4979 1118111111,
606 4921 660 4960 111111
675 4906 761 4978 mltis
775 4920 870 4961 1118111·
923 4906 970 4967 alii
983 4911 1133 4968 cortsttltius
1158 4908 1334 4975 examinent,
1348 4908 1568 4976 melioribusque,
1582 4906 1605 4961 si
1616 4919 1724 4975 repere-

90 4995 195 5075 Veldlssi
209 5008 283 5068 1111111
305 4996 668 5072 111101111111111111111111115·
683 4996 871 5053 ῑ1111111111110
924 5004 988 5073 rint,
1004 5002 1092 5063 edocti
1111 5002 1306 5071 monumentis,
1320 5003 1377 5059 siue
1390 5009 1530 5073 respuant,
1546 5000 1604 5057 sire
1623 4998 1723 5055 conir-

91 5100 175 5158 1111111
197 5094 297 5149 vixisse
321 5092 513 5149 conuincitur?
536 5102 565 5148 ut
588 5092 627 5149 ste
652 5090 740 5147 attero
763 5088 872 5145 zenone
924 5104 1009 5153 mern.
1032 5098 1071 5153 cx
1090 5094 1389 5155 menoraubnrtrostt
1409 5090 1657 5165 colomannum
1675 5105 1722 5162 pa-

90 5184 202 5257 escbtso,
215 5204 295 5259 quern
310 5186 475 5245 Veronensis
490 5186 611 5244 Ecclesia
634 5198 769 5259 nunquam
788 5198 873 5255 agno·
925 5197 984 5258 tet,
1009 5188 1137 5247 lodiciam
1164 5188 1296 5261 uirginem
1316 5188 1371 5258 jaun
1387 5185 1557 5244 benedictam
1577 5200 1592 5238 a
1613 5180 1723 5239 Zenone

90 5278 141 5349 rit,
163 5282 206 5341 ille
229 5298 321 5341 eornm
343 5290 504 5339 tractatuum
527 5291 621 5339 auctor
652 5280 794 5347 habeatur,
829 5276 872 5333 cui
924 5282 1064 5353 episcopo,
1081 5282 1276 5338 ltobitnmcuna
1299 5296 1359 5335 cum
1376 5275 1638 5352 ttarcetttnu,tpsins
1653 5273 1720 5330 btu-

91 5370 133 5427 isti
143 5384 167 5430 et
188 5378 213 5432 ln
234 5392 311 5447 mss,
325 5385 381 5433 eta
403 5376 524 5449 pluribus
538 5375 726 5452 scriptoribus,
746 5384 773 5431 et
787 5372 871 5445 ipsius
925 5374 1009 5432 brosii
1022 5390 1127 5445 sorore,
1148 5375 1238 5431 lionae
1258 5375 1286 5430 in
1296 5374 1371 5430 domo
1390 5383 1487 5442 nostre,
1505 5373 1591 5443 inquit
1602 5370 1718 5426 ,lotbro-

91 5462 202 5521 ecclesia
225 5466 383 5525 Veronensis
407 5467 552 5525 traditione
571 5466 788 5524 constantissime
802 5464 868 5537 =uitt-
923 5466 993 5536 sius,
1008 5466 1081 5523 nolit
1095 5467 1254 5534 nlrcnnbns,
1269 5466 1296 5523 il
1307 5474 1419 5523 cstcttm
1429 5458 1718 5523 Ambrosiusnondum

91 5558 212 5618 dieantur.
925 5559 1068 5631 episcopos
1083 5558 1219 5616 Romanas
1232 5558 1306 5615 edes
1319 5558 1431 5615 domum
1445 5573 1522 5614 suam
1539 5560 1718 5627 agnosceret,

93 5646 299 5727 [ttttllV.—S.
314 5654 426 5713 Zenertis
439 5664 500 5713 tutor
513 5658 587 5713 certis
604 5656 698 5727 finibus
714 5656 872 5727 clauumque
924 5650 1060 5725 inquibus
1073 5652 1193 5712 babitare
1208 5656 1243 5708 tle
1256 5666 1332 5707 more
1346 5650 1465 5714 soleret;
1482 5664 1561 5705 secus
1575 5642 1723 5719 pretoriis·

220 5766 275 5805 eunt
289 5750 375 5805 carnin
395 5750 528 5806 conuenire
544 5758 726 5807 ruortstrnntnr.
925 5754 968 5803 set
981 5753 1010 5802 et
1021 5745 1152 5803 lorntuias
1171 5745 1198 5800 in
1213 5744 1288 5799 donno
1300 5752 1399 5807 nostro,
1413 5756 1474 5797 curn
1490 5741 1588 5799 domus
1601 5736 1720 5809 episcopi

129 5838 163 5897 Er
181 5842 303 5902 bactetuts
325 5842 481 5902 constitutis
494 5842 640 5916 Scriptoris
661 5842 746 5902 nostri
767 5844 872 5917 episco·
927 5854 982 5898 non
1006 5837 1058 5893 alia
1081 5839 1117 5893 sit
1135 5837 1185 5894 nisi
1200 5834 1363 5907 episcopalis
1376 5831 1490 5900 domus3
1507 5841 1537 5889 et
1554 5832 1613 5889 illas
1625 5830 1719 5887 abaco·
