3950 6317
75 331 133 388 893
634 328 859 390 otocharum
879 329 990 390 stulta
1013 329 1163 390 trulum.
1671 329 1727 390 826
1814 416 1819 427 Ι

76 465 108 506 ac
123 451 151 506 in
173 451 240 506 dnas
257 449 451 520 distrihnitor,
467 465 581 519 arrarum
605 468 656 507 anm
672 451 771 508 dicitnr
786 453 870 525 llyaa·
885 459 910 516 Α
925 469 984 525 mun
995 453 1153 526 deincepsa
1169 455 1293 512 Numidia
1316 455 1409 512 auulsa
1424 453 1593 526 prouinciam
1608 453 1727 526 pecualiu-

75 557 143 600 cena
158 586 167 613 ,
185 545 265 600 altero
285 543 462 616 Tripolitana.
487 543 517 601 in
539 545 626 602 reteri
647 545 750 602 Notitia
775 545 874 602 hiricrc
925 561 983 602 rem
1005 547 1168 616 corastitnit,
1194 549 1306 604 alteram
1329 546 1412 604 luisse
1436 561 1451 604 e
1475 547 1580 604 dirahns
1594 545 1726 604 Numidiis

73 634 227 694 Garustantii
241 638 434 704 imperatoris,
450 638 588 699 uticruut.
601 639 769 708 temporibus
784 637 873 705 iacta,
924 646 1067 694 cerrscant.
1078 637 1130 694 Sed
1154 639 1181 694 in
1197 640 1313 696 curtulis
1334 637 1541 712 carthaginensi
1557 639 1620 696 anm
1648 636 1723 706 tto,

74 731 116 784 sic
142 728 307 784 describitur
326 738 354 784 et
375 729 504 786 diuiditur
527 729 635 786 hiricar
664 729 816 801 Vapenrarn
839 731 874 786 ad
924 731 1028 786 diserte
1050 731 1254 806 distinguuntur
1274 731 1406 790 Numidica
1433 733 1494 790 dure
1518 749 1533 790 a
1557 731 1725 792 Mauritaniis

74 821 164 876 riustri
180 832 272 876 terram
286 821 400 877 inuenies
417 836 510 878 terram
529 823 724 890 Mauritaniam,
737 825 813 894 cuius
827 826 873 878 iro·
923 821 1044 880 Sitiicnsi
1056 823 1266 881 etcausuriensi.

72 913 158 967 adnm
176 913 276 968 tartari
290 923 418 986 quantum
434 916 470 970 ad
490 918 605 973 uitamat
625 933 733 984 orrares,
749 918 874 972 Nasounia
959 917 1036 974 eirca
1051 929 1170 988 tempora
1181 917 1326 976 Theodosii
1342 919 1514 990 imperaturis
1528 916 1619 977 dirica
1635 919 1661 974 io
1675 933 1724 975 ser
1799 991 1806 1000 ·

74 1017 159 1061 carnea
176 1006 331 1062 auidiri.....
345 1006 452 1064 Eaiuda
471 1017 529 1082 part
544 1009 728 1066 Mauritaniam
745 1009 873 1065 Numidia
924 1018 965 1063 ιιι
976 1007 1064 1064 diuisa
1081 1011 1245 1080 prouincias,
1260 1026 1349 1080 quea
1365 1011 1448 1068 Sexto
1461 1011 1531 1066 linio
1543 1052 1551 1076 ,
1565 1022 1590 1068 et
1609 1011 1635 1067 in
1650 1009 1725 1068 Noti·

73 1099 252 1168 arcanuia...
278 1097 404 1154 Praaima
416 1101 476 1155 duic
491 1103 628 1171 prouincia
642 1103 739 1175 Africae
756 1103 827 1175 rapio
844 1105 873 1158 iu
923 1101 960 1157 tia
974 1103 1080 1173 imperii
1094 1111 1299 1170 enumerantur,
1311 1111 1429 1174 strattone
1443 1101 1533 1159 Airita
1544 1104 1724 1166 stricturum·

73 1193 270 1249 umniiuadiaca
279 1197 401 1251 manmit.
426 1194 692 1266 ApudPtclemaeuua
705 1213 737 1254 ac
757 1197 874 1270 Pompo-
922 1204 977 1266 pta,
993 1195 1051 1250 sire
1075 1197 1278 1266 proconsularis
1297 1197 1455 1266 prouincia,
1478 1193 1622 1260 Numidia,
1638 1195 1722 1268 Byza-
1756 1181 1761 1186 ’

71 1287 147 1342 nium
162 1286 256 1343 Malam
271 1285 361 1343 hirica
376 1303 484 1360 quoquae
507 1290 636 1346 diuiditur
648 1291 675 1346 in
696 1298 752 1347 tres
767 1299 871 1348 tantum
921 1287 1005 1353 cium,
1018 1285 1146 1359 Tripolis.
1161 1287 1320 1344 Mauritania
1337 1287 1474 1346 Sitiiunsis
1490 1330 1497 1355 ,
1514 1299 1540 1344 et
1563 1285 1722 1342 Mauritania

74 1391 177 1452 partes,
201 1381 401 1451 Mauritaniam,
423 1384 576 1441 Numidiam
596 1394 625 1441 ct
637 1383 757 1442 alricum
776 1385 871 1442 stricte
921 1379 1108 1438 Caesariensis.
1125 1382 1269 1454 Tingitana
1284 1400 1348 1440 sero
1362 1381 1396 1438 ab
1410 1382 1500 1440 sirica
1518 1381 1611 1437 auulsa
1626 1379 1723 1452 ilispu·

71 1483 207 1544 sumptam
222 1474 294 1540 ,suh
319 1489 373 1548 qua
399 1477 668 1549 comprehenduntur
690 1479 827 1552 Byzacena
842 1487 871 1535 ct
921 1477 975 1532 uice
988 1477 1117 1533 attrihnta
1133 1479 1325 1534 cst.l1amdem
1345 1477 1505 1534 diuisionem
1521 1476 1721 1550 prouinciarum

71 1564 251 1637 Tripolitana.
920 1578 949 1623 et
962 1567 1175 1642 iormaminduit
1191 1569 1377 1626 Ecclesiastica
1400 1571 1514 1628 πολιτεία
1527 1613 1534 1635 ,
1550 1579 1579 1626 ut
1594 1583 1628 1624 er
1654 1552 1721 1624 cin·

106 1659 171 1715 llaec
183 1671 291 1739 quaque
308 1661 359 1719 luit
381 1664 568 1735 antiquissima
592 1665 722 1723 &etesia
734 1665 869 1723 Africana
919 1661 990 1717 ciliis
1000 1677 1032 1718 ex
1047 1663 1181 1719 rarrirersis
1201 1661 1300 1720 hiricae
1317 1663 1463 1733 prouinciis
1484 1661 1655 1734 congregatis
1673 1675 1722 1716 no-

70 1755 178 1820 rmata,
195 1765 225 1811 pa
239 1758 315 1815 cautus
327 1767 371 1814 ega
392 1758 468 1814 omps
482 1761 644 1830 emptione
666 1760 754 1830 major
767 1761 798 1815 p,
812 1759 868 1833 cy.
920 1763 976 1808 tram
993 1765 1044 1818 est,
1060 1754 1086 1808 in
1101 1756 1201 1826 rpuihns
1214 1769 1260 1812 sex
1274 1753 1327 1812 illae
1345 1755 1490 1822 prouincia·
1512 1763 1718 1811 enumerantur.

71 1851 217 1922 priannsia
237 1851 352 1922 epistula
366 1853 432 1908 edit.
453 1853 541 1911 oron.
556 1853 592 1910 ts
607 1895 615 1920 ,
629 1853 663 1909 ad
685 1854 842 1910 Cornelium
857 1894 864 1917 ,
882 1845 988 1932 BSnnt
998 1865 1041 1918 qur
1053 1847 1210 1906 Sitilcnsem
1223 1849 1389 1921 prouinciam
1404 1849 1560 1906 existiment
1581 1864 1635 1905 non
1656 1855 1720 1904 anto

70 1941 114 1997 ahi
136 1942 237 2000 limites
251 1953 280 2000 et
295 1955 385 2015 partes
399 1944 534 2001 hiricanat
552 1946 681 2002 Ecclesia
704 1947 744 2001 sic
762 1947 867 2003 descri·
918 1958 1018 1997 annnm
1042 1943 1105 2010 tiu,
1128 1943 1198 1998 inter
1213 1943 1416 2000 Ecclesiasticus
1443 1941 1540 2001 ulrice
1567 1940 1719 2014 prouincias

71 2033 109 2090 bit
121 2054 127 2088 :
140 2033 327 2106 sedquoniam
338 2039 415 2093 latim
429 2039 488 2108 iura
502 2049 539 2093 ert
554 2047 643 2093 naatra
657 2039 789 2108 prouincia
800 2055 809 2094 :
820 2039 867 2092 ha·
918 2036 1007 2090 locunt
1029 2035 1193 2106 peculiarem
1208 2035 1358 2092 obtinuisse
1373 2044 1400 2092 et
1411 2035 1555 2092 Primatum
1570 2033 1718 2098 laauulsse,

71 2126 186 2182 iuterim
206 2127 360 2184 Numidiam
382 2140 407 2186 et
426 2131 602 2186 Mauritaniaa
616 2129 684 2185 duaa
700 2132 865 2187 caharcnrar.
918 2127 1000 2198 idquae
1021 2143 1054 2183 cx
1080 2129 1237 2184 acarnanii
1261 2127 1370 2184 coracilii
1395 2125 1619 2200 Carthaginensit
1640 2124 1719 2196 latrina

71 2219 98 2273 lu
109 2219 225 2277 concilio
239 2219 448 2292 Carthaginensi
465 2222 500 2280 de
511 2223 655 2280 iteratione
676 2223 802 2295 baptismi
816 2225 867 2280 suh
917 2220 991 2275 anni.
1008 2217 1062 2276 Sed
1077 2219 1103 2274 hi
1119 2219 1218 2290 oppidu
1240 2219 1378 2276 iaiiuntur.
1399 2218 1464 2275 Nam
1481 2219 1508 2274 in
1519 2215 1636 2274 coracilio
1650 2215 1718 2272 Car·

70 2313 164 2368 eadem
177 2315 534 2387 cyprianohahlrp‚camlp
550 2319 866 2391 uppmcprgppppnam.
917 2312 1070 2382 thagineusi
1084 2313 1146 2369 anni
1168 2315 1243 2382 39¹1,
1266 2313 1346 2385 legati
1372 2311 1538 2370 Mauritania
1562 2309 1718 2378 Sitiieusis,

71 2406 391 2482 animamarum
400 2411 687 2479 plurimieuprouiaria
697 2414 794 2483 Aprica,
808 2411 866 2466 Nu-
916 2410 1066 2480 prouincias
1087 2425 1144 2465 sure
1167 2411 1276 2466 nomine
1308 2409 1435 2480 leguntur
1457 2405 1646 2480 cantaminum
1669 2419 1718 2461 rc·

70 2499 159 2567 aridia,
174 2500 354 2557 Mauritania:
369 2503 582 2575 quihnsoonstat
590 2505 646 2575 ιιιιι
662 2517 718 2560 tunt
730 2505 867 2561 Ecclesiae
915 2503 992 2558 nisse
1014 2501 1049 2558 acl
1074 2501 1221 2559 concilium
1242 2509 1270 2557 at
1295 2503 1385 2556 martia
1411 2500 1546 2570 postulata
1568 2496 1716 2556 detulisse:

72 2592 180 2651 istarum
207 2596 407 2668 prouinciarum
438 2614 521 2654 unum
548 2613 648 2669 corpus
680 2599 864 2656 Ecclesiarum
916 2594 989 2665 quud
1003 2595 1070 2650 solis
1093 2597 1240 2666 prouinciis
1262 2609 1321 2666 qrrae
1345 2593 1447 2662 primas
1468 2591 1547 2650 sudes
1577 2591 1713 2648 habehant

71 2687 240 2744 constituisse
250 2700 279 2746 et
294 2690 323 2744 iu
343 2701 460 2762 quatuor
488 2691 641 2760 prouincias
660 2692 865 2751 Ecclesiasticus
915 2687 1025 2752 licebat,
1042 2699 1071 2744 ut
1080 2697 1228 2744 transistus
1244 2703 1348 2742 canorae
1364 2686 1397 2744 la
1410 2683 1480 2742 (ind.
1497 2683 1580 2742 hiric.
1604 2684 1634 2740 ln
1657 2685 1716 2755 cpi·

72 2775 150 2834 iuisse
164 2789 221 2836 tout
231 2781 342 2838 diuisas.
915 2783 984 2840 stola
998 2782 1139 2854 hugonini
1160 2783 1193 2838 ad
1215 2782 1381 2838 victorinam
1394 2823 1402 2848 ,
1417 2795 1477 2852 quae
1491 2794 1562 2835 nurrc
1580 2777 1626 2845 ts,
1645 2793 1717 2834 atino

103 2869 174 2928 Nihil
193 2882 240 2931 aut
260 2890 354 2946 purum
374 2873 484 2932 ridetur
502 2853 672 2934 constantini
692 2877 866 2949 imperatoris
913 2873 968 2932 tot
995 2876 1219 2948 scripta,disertu
1241 2876 1355 2932 hahetur
1379 2891 1432 2930 nrm
1460 2880 1564 2930 tanturm
1577 2872 1718 2930 dnasasse

71 2961 234 3032 temporibus
249 2965 275 3020 in
285 2980 317 3022 ca
332 2965 466 3022 diuisione
482 2967 579 3022 dirime
594 2969 785 3033 inauratamma
800 2983 863 3026 nam
915 2967 1100 3034 Matrrltanias,
1115 2968 1162 3025 sed
1174 2980 1316 3038 utramque
1332 2983 1409 3024 snum
1430 2965 1531 3024 hahere
1547 2964 1693 3021 Primatum
1708 2983 1715 3022 :

72 3051 93 3106 is
105 3053 130 3108 in
142 3055 261 3126 epistola
275 3057 309 3114 ad
323 3055 499 3116 &silianum
521 3059 780 3132 Cartlmgiue‘nsem,
801 3075 864 3132 quaa
914 3063 989 3136 Lepi,
1001 3064 1096 3135 inquit,
1108 3063 1136 3120 la
1148 3067 1237 3119 eadam
1250 3063 1485 3120 amaturoriaarianu
1499 3061 1533 3116 ad
1547 3059 1717 3115 linuriraniaa

71 3145 180 3202 rciertnr
197 3148 231 3204 ab
246 3149 364 3206 Eusebio
384 3151 404 3206 Ι.
423 3151 524 3208 xllist.
549 3152 636 3218 Euch,
651 3168 676 3209 c.
693 3154 731 3220 o,
745 3163 864 3226 quatuor
914 3173 969 3213 ιιιι
979 3159 1116 3229 arripiam,
1129 3173 1193 3230 quar
1205 3157 1351 3226 prouincias
1362 3155 1457 3211 acinam
1467 3154 1562 3210 halare
1575 3152 1714 3208 Prirnutrr.

70 3235 131 3292 item
144 3241 297 3308 prouincias
311 3239 411 3298 atam
426 3254 571 3300 cattrncrat
592 3245 634 3302 uis
645 3247 750 3302 scrisit:
774 3246 899 3328 Quen-(3
914 3249 1058 3308 amator
1077 3250 1355 3316 Nicetimsintansu,
1369 3250 1415 3320 gui
1427 3248 1544 3305 concilio
1560 3248 1717 3304 Milevitanu

72 3327 200 3399 anquiren
214 3332 309 3402 placuit
321 3333 394 3390 auiis
406 3344 435 3390 ut
448 3352 493 3406 par
505 3351 594 3392 amnas
602 3339 747 3406 proaimiaa
757 3339 861 3408 olrice,
914 3345 1047 3412 interluit,
1062 3353 1175 3402 uocatur
1189 3345 1340 3414 Episcopus
1356 3343 1450 3411 prium
1463 3341 1538 3398 seclis
1549 3340 1716 3398 Mauritaniae

73 3417 208 3490 Numidia,
224 3433 247 3478 at
259 3427 393 3490 utriusque
403 3425 580 3484 Mauritania.
596 3428 776 3486 Nihilominus
790 3429 862 3484 idem
914 3436 1062 3495 sitifensis,
1088 3438 1167 3494 Anao
1188 3436 1264 3503 lilii,
1282 3434 1418 3492 latroianus
1432 3443 1460 3490 et
1478 3433 1628 3490 Macrianus
1652 3431 1715 3489 Siti.

72 3512 417 3583 iuepistolaaddhlariurn
435 3520 470 3575 da
487 3519 640 3576 Aleidilllii
654 3520 786 3587 cultilis»,
802 3520 862 3576 Tri·
914 3529 999 3586 iensis
1024 3531 1170 3600 pror-lucia,
1192 3527 1331 3598 Episcopi,
1355 3529 1490 3599 legatione
1515 3526 1664 3597 itrrrgnntur
1686 3526 1713 3582 iu

72 3607 210 3674 politanam
224 3609 300 3666 adda
312 3612 491 3682 prouinciam,
504 3613 681 3669 etNomidias
702 3613 797 3685 plurali
813 3631 863 3670 nu·
913 3621 1031 3677 coracilio
1055 3621 1272 3690 Carthaginensi.
1288 3622 1365 3675 himo
1381 3619 1454 3684 tut,
1480 3619 1628 3690 separatim
1649 3635 1716 3674 cnu-

72 3715 141 3756 nero
153 3705 285 3769 morarius,
302 3705 415 3761 aulauio
429 3705 610 3778 inicarensut
624 3705 791 3762 Gaditanam
803 3725 862 3764 aun
912 3725 1052 3772 merantur
1068 3715 1211 3773 sullienses
1226 3698 1348 3784 episcopi
1364 3722 1392 3769 ut
1409 3713 1583 3782 proruamus
1607 3713 1716 3770 catoris

71 3794 228 3863 adgnitum
238 3796 278 3852 itit
289 3813 354 3867 quar
366 3799 562 3872 ipsedelepcrir,
578 3799 654 3855 ardet
665 3801 697 3855 de
709 3798 860 3873 Bpaucruoe,
912 3807 1038 3866 divorsa.
1051 3808 1131 3865 hom
1140 3811 1170 3864 al
1179 3807 1205 3876 l,
1219 3807 1244 3863 in
1260 3807 1407 3864 collatione
1421 3804 1625 3878 Carthaginensi
1640 3819 1714 3861 sern-

72 3881 250 3955 Taporrcuaoe.
273 3890 458 3946 Numidia-nn
480 3903 504 3946 et
526 3892 745 3947 Musulamiorum
759 3894 862 3964 moria-
911 3900 962 3958 sim
975 3910 1170 3957 caramennnn
1192 3915 1239 3956 sex
1256 3899 1426 3969 proauiam,
1452 3908 1479 3952 n
1496 3897 1628 3954 tartareas
1650 3897 1715 3954 siat·

71 3977 112 4030 tiia
122 3981 235 4052 rinpuiar
251 3997 365 4055 puraque
379 4001 436 4038 carm
451 3985 579 4055 alipuiinr
594 4001 626 4041 aa
638 3987 693 4043 auia
706 4003 770 4059 quaa
786 3999 861 4058 pura·
911 3989 1010 4048 icosio:
1035 3989 1135 4046 Parata
1158 3999 1216 4046 aaut
1231 3991 1344 4046 uniuersi
1366 3991 1398 4044 da
1410 3987 1528 4044 urrrailrur
1540 3989 1638 4043 scilicet
1652 4003 1713 4058 pra·

70 4072 143 4124 uariat
153 4076 282 4148 elipandus
304 4070 434 4132 Arelatem
455 4079 549 4133 mittat.
564 4081 601 4134 liri
613 4079 784 4151 Tripolitana
805 4091 861 4136 sta·
910 4085 1000 4138 uirrciia
1015 4083 1155 4154 Africanis,
1167 4083 1195 4139 id
1205 4093 1252 4149 ιιι,
1268 4083 1300 4139 de
1315 4083 1446 4154 provintia
1464 4081 1665 4150 Proconsulari,
1681 4083 1713 4136 de

71 4162 363 4240 trivideturtamqnam
384 4168 483 4226 Airicm
495 4173 631 4242 prouincia
645 4189 659 4226 a
674 4183 791 4246 quatuor
801 4171 860 4233 aliis
910 4177 1043 4247 prouincia
1054 4175 1205 4248 iipaacrnri,
1223 4179 1254 4231 de
1271 4175 1406 4242 Numidia,
1423 4175 1454 4228 dc
1469 4173 1637 4230 Maracitaniir
1647 4173 1712 4229 Siti-

67 4251 117 4322 itm
129 4266 182 4314 tutu
193 4261 329 4318 distillata.
354 4261 430 4318 Licet
455 4273 544 4320 autern
560 4263 746 4322 Nomitiinrurn
775 4266 861 4323 ilicet
910 4273 977 4343 [catti
998 4281 1021 4326 et
1044 4267 1196 4325 Caesariensi
1218 4281 1241 4324 ιι
1265 4271 1297 4324 du
1320 4268 1479 4339 'i'rr'puiitann
1504 4267 1647 4336 prouincia.
1677 4265 1711 4322 Et

70 4345 126 4404 alibi
140 4350 166 4407 in
189 4354 283 4424 plurali
310 4355 357 4410 liat
370 4357 497 4424 anuntio,
523 4371 576 4412 non
604 4370 745 4430 propterea
769 4370 858 4416 tamen
908 4378 969 4434 cap.
983 4364 1019 4418 id
1041 4364 1103 4419 coll.
1118 4361 1245 4430 Carthag.
1271 4363 1324 4416 dici
1341 4375 1368 4416 t:
1387 4363 1417 4416 Ni
1438 4361 1470 4415 de
1485 4377 1591 4422 arramato,
1608 4360 1710 4415 dudita-

70 4442 267 4502 cxistimandunt
281 4456 324 4503 est
342 4449 411 4505 duas
425 4447 508 4505 inisse
533 4451 686 4520 prouincias
700 4451 832 4509 Numidiae
849 4497 856 4522 ,
909 4468 961 4520 tur,
977 4467 1038 4510 caru
1053 4456 1224 4524 provinciales
1237 4459 1271 4508 ad
1289 4453 1394 4508 lirrnras
1407 4495 1413 4516 ,
1428 4465 1486 4508 eant
1500 4453 1535 4507 ad
1559 4453 1708 4512 Nuraidar.

70 4543 111 4588 teu
122 4539 222 4609 uiriles,
235 4555 284 4600 seu
297 4541 509 4600 Ecclesiasticus.
526 4544 593 4600 Nam
608 4561 625 4602 e
638 4547 742 4604 dnahns
763 4547 857 4604 Nomi-
907 4549 1013 4604 cunrad
1025 4547 1190 4619 Bpunceacr,
1207 4560 1268 4604 anm
1278 4563 1377 4618 artaque
1400 4549 1434 4600 ad
1448 4545 1636 4617 Tripolitanos,
1652 4557 1711 4602 catat

70 4625 115 4683 diis
127 4645 175 4689 una
188 4649 296 4707 semper
305 4638 405 4694 coaluit
414 4639 563 4709 provincia,
575 4655 635 4711 qtae
646 4656 725 4695 unam
737 4649 856 4696 tantum·
869 4659 896 4721 ῃ
908 4643 941 4699 ad
956 4641 1101 4696 Provincia
1112 4639 1318 4696 Proconsularis.
1331 4638 1410 4696 harno
1422 4639 1486 4707 illl,
1504 4639 1584 4712 legati
1603 4639 1710 4712 cligun-

49 4746 52 4751 ⁴
70 4723 141 4776 inuio
152 4725 317 4798 Metropolim
331 4731 425 4786 urhem
450 4742 477 4786 ct
492 4747 574 4786 tanum
605 4732 751 4789 Primatum
773 4735 855 4790 lrahc·
907 4744 951 4792 tur
962 4751 995 4792 ex
1012 4737 1062 4792 hac
1072 4733 1208 4806 prrouiacia
1223 4737 1267 4804 uari
1279 4733 1435 4806 Carthagini
1448 4734 1638 4790 demorentur.
1652 4731 1708 4788 ue·

71 4809 119 4877 lat,
130 4828 157 4873 at
170 4831 277 4880 constat
291 4839 325 4880 ex
347 4825 465 4882 concilio
479 4825 634 4884 Mileuitaoo
659 4831 723 4884 anm
735 4830 809 4897 llll,
826 4831 854 4886 in
906 4847 979 4886 mom
992 4832 1067 4887 initio
1080 4829 1188 4886 concilii
1209 4829 1272 4884 arani
1289 4827 1352 4892 tto,
1370 4829 1449 4899 legati
1474 4826 1644 4908 §hiiensium
1659 4841 1708 4882 rao·

70 4914 292 4972 constantianum
309 4915 434 4972 Arrainu
458 4917 593 4975 Numidiae
616 4930 640 4975 et
659 4921 731 4992 apud
743 4922 854 4994 primam
905 4925 977 4980 mine
992 4933 1139 4994 prementes
1151 4923 1251 4980 adsunt
1275 4923 1390 4980 coraciiin
1404 4933 1549 4994 artlcqnam
1563 4937 1651 4978 cauam
1668 4921 1702 4978 ll

70 5001 144 5056 arden
161 5007 193 5062 ait
206 5011 267 5065 etia
281 5010 441 5083 Metropoli,
456 5013 486 5067 id
498 5024 535 5069 aar
550 5055 558 5078 ,
574 5013 754 5071 Constantina.
783 5002 876 5072 licca'
904 5015 1001 5075 inisset
1014 5023 1152 5074 exaratus.
1174 5017 1244 5072 Nihil
1260 5033 1325 5090 orgo
1341 5017 1483 5074 absurdius
1501 5031 1581 5086 quam
1598 5015 1702 5085 liugero

70 5107 141 5153 naara
163 5103 327 5177 Metropolim
341 5117 373 5177 ct¹
384 5123 467 5163 urtam
494 5107 639 5165 Primatem
662 5110 745 5164 totius
759 5108 853 5165 Numi·
904 5119 960 5168 tnrn
973 5114 1086 5181 primun
1104 5113 1129 5167 in
1145 5115 1195 5168 troc
1210 5113 1324 5168 concilio
1338 5111 1523 5168 Mauritaniam
1536 5109 1703 5177 Sitiiensem,

70 5183 123 5241 dire.
139 5189 288 5268 litneqois
311 5197 431 5256 dicatde
445 5215 498 5256 una
527 5210 628 5256 tautum
653 5199 779 5256 Numidia
808 5202 869 5261 hic„
904 5206 1039 5267 diuersam
1067 5221 1082 5262 a
1104 5205 1266 5263 Caesariensi
1293 5207 1458 5278 prouinciam
1485 5205 1701 5263 Emlusiasticaraa

71 5281 124 5348 ati:
139 5287 163 5342 in
176 5292 290 5348 concilio
302 5294 508 5365 Camhugiaensi
524 5297 587 5350 anni
601 5295 673 5352 597:
696 5293 853 5354 Cremmtia-
903 5301 1089 5359 constituisse.
1104 5301 1181 5371 Quod
1197 5310 1302 5372 spectat
1315 5301 1348 5356 ad
1371 5316 1502 5356 carrariam
1515 5301 1558 5368 li,
1582 5300 1704 5356 conciliis

70 5380 398 5461 nnrdicitnrprimoesadis
422 5387 608 5445 Numidiaram
638 5389 800 5462 Episcopus:
825 5395 851 5448 in
901 5392 1124 5466 carthaginensis
1140 5387 1281 5460 numidii,
1304 5395 1584 5450 incodicecnnomnn
1608 5392 1704 5448 uecte-

69 5463 153 5530 Gracco
166 5485 268 5556 πρώτης
280 5481 405 5560 καθέδρας
417 5489 468 5540 τῶν
478 5481 524 5539 δύο
536 5481 687 5556 Nasarduma.
702 5483 733 5538 S.
746 5483 852 5555 Augus·
902 5487 951 5543 riae
961 5485 1097 5544 dtrtcana
1113 5489 1152 5544 sic
1167 5487 1295 5543 hahetur:
1319 5485 1422 5540 Placuit
1440 5495 1467 5538 nt
1486 5483 1645 5538 Mauritania
1660 5483 1704 5541 st-

71 5561 133 5620 tinus
144 5586 184 5639 cp.
200 5592 244 5631 um
269 5575 304 5631 nd
321 5575 488 5632 Victorinum
513 5591 597 5648 agens
619 5578 653 5631 de
675 5579 849 5633 contentione
901 5577 1013 5649 usuaria,
1028 5589 1056 5634 ut
1071 5581 1223 5651 postulauit,
1244 5577 1383 5632 Primatum
1393 5575 1533 5645 prouincia
1547 5575 1701 5642 Numidia,

70 5667 121 5720 (llo
131 5673 185 5718 erut
196 5667 343 5724 interdous
354 5667 498 5740 episcopos
510 5669 582 5724 circa
597 5667 742 5725 Primatum
756 5667 849 5724 Nomi·
901 5688 933 5728 ea
946 5675 1020 5746 cujus
1035 5683 1101 5727 curu
1122 5682 1271 5743 suparatur,
1287 5679 1315 5723 ur
1328 5683 1401 5722 snum
1423 5665 1514 5720 haidem
1539 5665 1701 5723 Primatum:

70 5743 225 5814 diiiroumos
246 5761 388 5830 episcopos
414 5759 546 5815 Numidia·
571 5761 617 5814 uni
642 5761 763 5834 paruisse
791 5758 849 5816 Pri·
900 5781 975 5836 paean
986 5763 1202 5820 consentientibus
1218 5763 1333 5816 omatibus
1345 5757 1500 5832 primatibus
1510 5761 1702 5830 prouinciarum

70 5839 127 5893 lilii
140 5847 270 5920 suppum
296 5850 366 5910 Sunt
381 5851 427 5922 qui
452 5846 623 5908 Siuiensem
635 5848 822 5910 Mauritaniam
837 5889 846 5921 ,
899 5857 1101 5928 Maurarum,
1116 5864 1140 5910 ιι
1156 5853 1272 5911 anarrilua
1297 5848 1450 5921 amarapir,
1477 5861 1582 5920 propter
1595 5852 1697 5922 lunain-
