3950 6317
278 309 330 366 5„
953 293 1076 350 sanum
1096 288 1241 349 esuums
1853 289 1887 344 ⁵¹²

279 431 339 496 ipsa
350 425 469 498 reponis,
482 425 539 494 ipsa
547 372 748 477 custodissiloa
762 414 821 489 (55)
833 415 925 472 cibum
940 426 1072 486 praeterea
1087 415 1112 475 Δ
1125 419 1217 478 tatem,
1233 407 1409 480 probitatem,
1436 404 1620 470 concordiam,
1636 403 1807 466 cbaritttem.
1820 420 1888 460 omum

278 499 482 591 capisreliquas
492 512 578 585 poculi
587 509 875 583 propinatiiambcudo
884 504 1076 563 labrisexbau-
1127 512 1363 572 artesomuesquo
1378 499 1504 565 uirtutes,
1532 499 1708 572 ipsaquuqtte
1731 497 1848 554 elemema
1863 501 1889 572 (1)

279 613 328 676 ris,
342 612 476 676 baturiuue
501 607 614 663 ltaustus
627 605 704 676 quasi
720 602 849 675 quosdam
863 601 996 672 primitias
1010 613 1073 654 aus·
1125 605 1250 652 corrstarc
1263 612 1317 651 mm
1332 608 1412 665 posse
1435 595 1494 650 tine
1516 594 1575 663 eius
1597 592 1754 650 eruditione
1768 594 1806 648 rel
1825 594 1888 649 irem.
1931 609 1932 646 ι

277 705 396 775 picaris,
423 711 509 757 totum
535 713 647 772 prorsus
674 697 822 769 iniquitatis
843 694 967 766 spiritum
985 693 1074 748 libens
1126 689 1174 746 Est
1192 689 1264 745 cuitu
1277 686 1317 761 (5)
1343 695 1449 744 matura
1468 700 1596 758 sermm,
1623 685 1827 750 trumiltseama,
1847 702 1890 756 pru·

276 795 397 867 concipis
421 809 471 866 per
494 795 622 848 maritum
638 809 645 844 a
662 789 755 847 inlelia
774 790 828 859 jam
853 788 915 859 plus
941 787 969 842 iu
985 794 1013 841 te
1031 793 1075 840 est
1125 782 1206 849 deus,
1221 781 1347 852 prouida,
1372 781 1446 836 omui
1470 781 1633 837 necessitate
1650 788 1799 846 contenta,
1823 782 1890 848 aquatis

274 905 353 962 quom
369 881 895 957 intemploremansit.btsitoserttes
911 892 1072 950 atquecou·
1126 876 1309 931 turbationum
1350 882 1511 945 tempestate
1546 871 1705 942 tranquilla.
1745 868 1890 929 serenitatem

274 986 373 1046 tineas.
386 982 529 1040 {estimabit
544 995 598 1037 oon
614 995 707 1035 amore
723 977 807 1034 divini
829 976 928 1043 cultus,
943 974 991 1030 sed
1006 972 1073 1029 alte·
1125 983 1200 1025 suam
1232 968 1273 1042 (6)
1289 969 1397 1024 nebulis
1412 967 1601 1024 turbulentare
1617 981 1671 1022 oon
1687 966 1772 1022 notit.
1788 965 1892 1022 Punite·-

272 1077 330 1132 rius
352 1077 468 1146 alicuius
492 1073 628 1130 desiderio
655 1073 681 1127 iu
705 1086 782 1126 suam
802 1069 855 1124 boc
881 1066 1072 1124 coutumeliam
1126 1064 1188 1120 titur
1206 1065 1312 1121 nescit:
1330 1063 1369 1136 (i)
1394 1063 1535 1119 altercatio
1548 1060 1612 1133 quid
1633 1062 1669 1116 sit
1690 1061 1810 1133 ignorum
1824 1077 1892 1119 omncs

274 1169 414 1239 procurari
431 1185 437 1223 :
453 1165 586 1221 castitatis
597 1163 830 1233 observantiaque
845 1162 971 1216 rirtutom
986 1158 1071 1218 dcto·
1124 1168 1170 1211 out
1182 1158 1294 1226 detitat,
1317 1166 1364 1214 aut
1379 1164 1466 1226 portat
1488 1155 1612 1226 iujurias.
1628 1154 1764 1212 incertam
1776 1165 1816 1209 est
1829 1163 1890 1210 ulmo

273 1264 346 1318 cubit
358 1265 384 1318 in
399 1263 512 1318 critueu.
528 1259 598 1328 Quid
613 1261 684 1315 enim
699 1258 744 1314 ille
761 1257 824 1310 rotali
840 1255 897 1327 (sl)
914 1271 968 1310 non
980 1253 1072 1322 auspi·
1125 1251 1301 1321 impussibilis
1311 1251 1459 1322 judicetur,
1471 1265 1532 1305 cunt
1546 1248 1648 1318 aliquid
1658 1263 1751 1319 ptssa,
1766 1248 1835 1317 quasi
1847 1250 1892 1306 rili

273 1365 361 1422 cetur,
375 1371 429 1410 noll
441 1353 551 1419 eliacim,
560 1351 613 1408 diis
622 1349 789 1414 crudelibus,
803 1347 855 1403 diis
869 1347 968 1403 adulter
976 1347 999 1402 is
1012 1363 1071 1401 scr·
1126 1359 1202 1413 passa
1216 1345 1263 1409 sit,
1280 1343 1425 1400 iarreuitur.
1449 1342 1591 1399 Postremo
1612 1341 1781 1412 imposibile
1793 1351 1839 1403 cst,
1857 1343 1893 1397 lta·

272 1439 1072 1520 rieuslltaquedeiocepsluqe.vireqluqeriduamuptlas
1125 1447 1190 1506 tres,
1205 1438 1263 1508 ejus
1279 1439 1415 1494 certiorare
1442 1435 1589 1496 virtutem.
1610 1435 1690 1505 cuins
1715 1435 1786 1490 rinei
1807 1435 1891 1490 rictoria

273 1540 351 1595 tales.
368 1540 513 1595 Excusatio
524 1551 634 1609 prorsus
647 1537 720 1593 nulla
736 1534 864 1604 competit
880 1534 941 1589 tibi.
965 1532 994 1589 Si
1007 1547 1071 1588 cou-
1123 1543 1176 1587 est.
1191 1530 1250 1586 lluu
1267 1531 1339 1586 illato
1361 1531 1422 1586 loco
1447 1529 1488 1585 tit
1502 1529 1556 1584 ulla
1572 1529 1739 1600 detorquet,
1764 1543 1812 1582 uorr
1831 1528 1891 1593 labor,
1931 1551 1932 1558 ι

271 1633 362 1690 sitiens
375 1645 437 1688 esse
451 1647 504 1686 uon
530 1629 657 1701 poteris,
683 1628 780 1685 saltem
802 1627 858 1682 troli
880 1633 941 1682 tuas
961 1623 1071 1694 nuptias
1124 1624 1354 1692 oontemserit
1370 1623 1555 1688 nuditas,mtn
1572 1621 1740 1692 persecutio,
1756 1635 1806 1677 noo
1816 1631 1891 1684 ructus.

271 1725 331 1796 (35)
344 1722 476 1788 leoerore,
489 1737 524 1779 tte
537 1723 564 1778 in
580 1723 626 1778 illo
640 1720 849 1777 resurrectionis
863 1717 908 1774 die
923 1717 994 1772 iuter
1013 1717 1071 1787 plu-
1124 1729 1178 1773 nott
1195 1717 1354 1788 periculum,
1370 1729 1521 1782 uountors,
1537 1725 1746 1772 trontormeuta
1768 1715 1891 1783 morteirst
1931 1751 1932 1794 4

271 1819 356 1873 rimus
380 1817 491 1872 maritos
507 1833 562 1872 non
586 1816 675 1887 possis
699 1816 778 1885 carius
798 1813 881 1870 lucris
894 1827 964 1868 utor
987 1827 1070 1882 aquo·
1085 1795 1108 1856 Β
1122 1811 1258 1883 gratiora,
1273 1826 1328 1868 uuo
1342 1818 1472 1880 potestas,
1493 1823 1547 1864 non
1568 1808 1705 1876 ambitio,
1728 1821 1782 1862 noo
1796 1804 1889 1862 lelioitas.
1931 1805 1932 1828 ¹

267 1925 354 1966 scere.
369 1909 429 1966 Noli
444 1923 505 1966 esse
519 1911 670 1981 sacrilega,
687 1907 745 1981 (od)
769 1909 824 1965 nuli
837 1907 973 1979 proditrix
985 1906 1065 1978 legis.
1122 1905 1236 1974 Semper
1252 1905 1398 1960 immobilis
1423 1913 1533 1969 manet,
1561 1903 1615 1957 alta
1636 1901 1756 1974 quadam
1778 1915 1808 1956 oe
1825 1901 1891 1954 lirim

268 2003 385 2061 Prolano
398 2020 447 2060 cttr
461 2005 563 2070 nubas,
579 2019 639 2060 cum
657 2005 744 2074 possis
769 2002 872 2060 nubere
892 2000 1069 2059 Citristianoi
1122 1999 1300 2067 temperantia
1322 1997 1432 2053 robuste
1446 1996 1484 2069 (8)
1509 1995 1606 2053 librata
1619 1997 1764 2050 universas
1779 1995 1891 2064 permotio

566 2132 775 2192 qqqfflws
794 2132 827 2188 ql
1121 2107 1169 2146 ucs
1185 2089 1336 2146 animorum
1349 2089 1452 2160 placida
1476 2085 1889 2161 moderationcefiemnpescens,

494 2135 574 2305 εἷ’
588 2248 629 2324 (ι)
644 2247 776 2306 Patientia
830 2174 837 2190 ⁶
1119 2193 1147 2241 et
1169 2194 1197 2241 ut
1214 2184 1305 2240 urnula
1322 2181 1362 2258 (9)
1375 2197 1429 2240 ιιι
1444 2195 1607 2256 rosquupere
1620 2179 1770 2248 detincat,
1791 2195 1817 2236 sc
1829 2181 1890 2252 prino

1121 2279 1215 2336 vincit.

302 2365 323 2422 l.
341 2365 397 2422 litsi
411 2365 488 2422 beata
503 2363 619 2422 dirersis
629 2365 682 2421 rita
697 2363 844 2422 virtutibus
854 2364 1000 2436 queritur,
1015 2378 1065 2421 cu·
1141 2371 1187 2428 11.
1201 2371 1260 2428 tion
1270 2373 1385 2428 virtutes
1400 2379 1514 2442 possunt
1534 2382 1595 2427 esse
1609 2368 1741 2437 virtutes,
1755 2383 1805 2424 noo
1818 2382 1889 2439 perst-

271 2460 318 2532 jus
341 2459 380 2534 (2)
401 2458 528 2532 cupidine
549 2457 668 2533 flagrans
680 2457 834 2514 humanitas
857 2473 906 2530 per
928 2467 1065 2516 momenta
1121 2479 1170 2522 nes
1185 2463 1381 2523 elementorum
1401 2464 1460 2538 (ld)
1474 2476 1571 2536 status,
1588 2483 1642 2525 ooo
1663 2477 1788 2538 tempora
1805 2479 1889 2538 amunta

264 2560 380 2631 suspirat
392 2576 400 2627 ;
410 2569 606 2629 tamenomucs
616 2572 671 2614 uoo
681 2557 832 2627 eodemque
842 2554 1066 2629 consensuquasi
1119 2558 1290 2616 connexione
1313 2559 1340 2614 iu
1354 2561 1492 2616 solemnes
1506 2559 1608 2618 reditus
1631 2570 1836 2629 comntsarent,
1855 2559 1888 2613 nisi

262 2653 409 2727 quemdam
444 2652 580 2724 patientiae
605 2650 766 2708 deierantur
789 2650 817 2707 itt
846 2657 976 2722 portum,
1005 2649 1066 2707 sine
1119 2650 1391 2722 rerumdiscipliuam
1406 2654 1676 2727 conversionemque,
1697 2656 1777 2728 quasi
1795 2654 1888 2725 quadan

263 2764 317 2821 qua
328 2763 379 2806 uec
390 2746 491 2815 audiri,
508 2761 559 2804 uec
568 2746 687 2818 concipi,
711 2761 762 2802 nec
774 2745 841 2801 disci
855 2744 1002 2816 quidquam
1016 2759 1064 2814 po-
1118 2743 1234 2800 sullicita
1250 2754 1360 2812 mater,
1385 2747 1517 2818 patientia
1541 2749 1704 2807 custodiret.
1733 2749 1780 2808 Sol
1800 2748 1889 2816 deniqne

262 2842 336 2908 terit,
349 2855 403 2900 ttec
415 2839 520 2896 docet-i.
535 2839 603 2895 llam
625 2839 747 2908 proiecto
768 2836 827 2894 sola
847 2848 913 2903 cst,
936 2838 1062 2908 adquam
1117 2836 1240 2908 quamtis
1255 2836 1322 2892 mira
1338 2837 1478 2896 celeritate
1505 2839 1625 2897 alteratas
1653 2843 1750 2900 muudi
1776 2840 1888 2900 melosi

260 2944 373 3004 prorsus
387 2947 433 2988 res
447 2933 521 2986 omiti
535 2930 577 3004 (5)
591 2929 747 3003 adspectet:
758 2930 869 2986 dubium
879 2931 981 3002 quippe
1000 2945 1062 2987 cum
1117 2927 1237 2995 lustret,
1261 2941 1351 2986 tamon
1367 2947 1504 3003 nunquam
1528 2933 1656 2992 dilectam
1681 2937 1887 3006 verecundamque

261 3025 376 3091 nonsit,
391 3039 479 3096 spem,
495 3023 587 3093 iidem,
609 3024 752 3095 justitiam,
765 3023 946 3080 bumilitatem
958 3061 968 3090 ,
981 3023 1064 3080 msti-
1116 3023 1261 3080 auter-ertit
1276 3038 1401 3080 auroram
1418 3043 1425 3080 ε
1450 3026 1515 3099 qui,
1530 3027 1601 3098 qood
1617 3028 1706 3101 majus
1717 3037 1771 3099 est,
1784 3027 1886 3086 duodenis

261 3187 409 3261 pbrerreaim
433 3188 575 3258 patiuntur.
602 3183 633 3240 lii
656 3184 693 3240 ita
707 3181 773 3240 dicti
790 3198 838 3255 per
853 3183 1040 3253 metapboram
1054 3201 1062 3251 ;
1077 3190 1099 3255 c
1117 3185 1208 3240 uxoris
1221 3201 1324 3252 amore,
1341 3185 1383 3242 tel
1405 3185 1439 3241 dc
1460 3185 1609 3244 homicidio
1623 3187 1673 3245 sibi
1696 3187 1843 3246 intentando
1854 3204 1884 3244 st·

260 3259 450 3331 proprieeuim
466 3257 620 3329 [arrmicuta
634 3253 714 3322 lanis,
725 3257 796 3311 sicut
809 3255 843 3310 ab
857 3256 913 3310 aris
923 3254 1022 3318 critices,
1036 3267 1063 3310 st
1116 3257 1215 3326 spicati
1228 3273 1281 3313 nou
1292 3256 1403 3314 ‹iiiitcilc
1413 3257 1508 3331 possit.

260 3331 395 3403 siquitem
411 3329 585 3386 sacerdotum
596 3343 693 3399 petrus,
712 3327 759 3397 qui
779 3337 845 3382 aestu
875 3325 974 3384 uodam
990 3326 1060 3381 ‹livi-
1151 3329 1210 3402 (55)
1225 3328 1379 3386 Fenerobie
1391 3330 1637 3402 rrromultiplicare.
1650 3347 1698 3388 seu
1708 3332 1884 3403 pluresooptias

258 3413 346 3464 tto,ut
369 3401 491 3461 Gentiles
513 3400 663 3468 putabant,
689 3398 797 3470 perciti,
816 3413 833 3454 e
856 3343 969 3455 iernen
992 3399 1061 3454 lauis·
1114 3398 1193 3458 luite.
1209 3401 1521 3467 Siuriliterllmbrosius,
1537 3402 1583 3458 lib.
1600 3418 1619 3460 u
1638 3402 1670 3456 de
1693 3403 1882 3490 uindicaui,

257 3489 389 3546 respousa
402 3470 778 3543 roticitmbautur,dequibus
792 3470 944 3535 ducenariis,
956 3471 1015 3526 Sat.
1030 3469 1059 3527 t.
1113 3487 1189 3527 nutu.
1205 3473 1252 3538 bt,
1268 3477 1396 3541 [sumator
1406 3483 1544 3544 protentus
1560 3489 1609 3544 pro
1621 3474 1803 3552 multiplicatos
1813 3477 1870 3530 ttait.

256 3561 331 3603 vers.
347 3546 399 3602 tta
419 3562 427 3599 ι
1149 3542 1207 3616 (56)
1229 3545 1298 3600 Edit.
1316 3543 1395 3607 Vsu..
1407 3560 1457 3600 noo
1471 3547 1608 3612 proditrix.

1146 3615 1251 3672 Tutor.
1271 3616 1351 3675 lt-
1365 3617 1407 3690 (1)
1418 3615 1881 3700 llictractotusqrcoitrimsadiciturs

1109 3685 1270 3744 casaubono
1278 3689 1305 3744 io
1313 3688 1445 3758 Spartiatti
1456 3689 1598 3760 Seuerum,
1606 3709 1665 3766 paq.
1677 3691 1742 3758 its,
1750 3707 1774 3746 a.
1787 3690 1880 3758 lnptint

420 3828 425 3838 Ι
1112 3757 1880 3830 liemctlit.inscribitur.dcPratierrtt'oeiurtdidsaetitttpulist·

257 3835 285 3884 sl
298 3825 478 3883 Prudenittts:
1110 3833 1153 3884 tite
1162 3833 1247 3887 molit.
1260 3831 1345 3902 iltius
1359 3841 1488 3888 tractatus
1499 3833 1602 3892 initiunt
1618 3852 1645 3894 et
1670 3835 1732 3892 litiis
1743 3835 1827 3892 inserti
1835 3843 1880 3888 sont

378 3939 434 3991 Non
445 3945 541 4003 spumat
549 3939 654 3991 anhelus
1109 3901 1212 3988 olims.
1228 3902 1466 3990 Zenonisscriptar
1487 3905 1521 3990 ab
1539 3909 1652 3977 antiquo
1665 3909 1796 3963 turmacho
1813 3904 1880 3990 Zeno

380 4003 441 4054 liata
452 4003 571 4068 sibyllinis
581 4002 702 4053 laoattcus
714 4002 779 4054 edita
790 4002 868 4053 libris.
1107 3973 1641 4106 ’ὅῗὲἑιέςθιθιιιιιιιὲιιὲιιιῗιιξξιιιιιιιιὲἰιιῖιιιιώθᾞιειιιι
1649 3976 1879 4120 ugasrlf'l‘rjigfflirr'rlrm

255 4113 356 4170 llorum
376 4111 479 4166 tuentio
493 4110 629 4180 reperitur
642 4109 712 4180 atpml
727 4107 884 4193 Ciceronem
907 4129 954 4181 pro
978 4114 1055 4170 domo
1106 4117 1180 4172 terite
1192 4118 1373 4188 diplomaticus,
1381 4117 1460 4175 cditm
1471 4135 1514 4174 ao.
1526 4067 1658 4178 midila
1671 4123 1721 4178 bac
1730 4123 1785 4178 lita
1799 4123 1877 4188 aliquot

252 4201 312 4247 rae,
327 4182 431 4238 Arnob.
446 4181 486 4235 lib
512 4197 533 4244 ι,
558 4197 618 4248 pag.
635 4181 681 4246 l5,
693 4193 719 4236 ct
733 4183 801 4237 altos
815 4182 918 4251 plures.
945 4182 1055 4252 innoti·
1106 4189 1195 4245 varias
1205 4189 1336 4244 lectiones
1349 4205 1401 4246 uon
1412 4196 1623 4250 contemnendas
1636 4193 1820 4263 adhibuimus,
1833 4209 1877 4264 quac

253 4272 300 4312 otta
310 4255 437 4331 itptt‘rtttt'tt
452 4251 596 4326 ἱερόδουλος
609 4251 710 4309 diditur
726 4251 755 4307 itt
772 4252 883 4324 glossis.
898 4254 998 4311 Verutlt
1012 4257 1056 4327 [tt-
1105 4262 1162 4314 silis
1174 4263 1240 4317 iocis
1256 4263 1429 4317 notabuntur,

252 4326 365 4382 notiesm
389 4325 433 4379 bic
455 4326 618 4392 appellatum
642 4323 837 4396 intelligimus,
852 4324 1017 4396 quicumque
1037 4345 1052 4384 a
1141 4331 1180 4402 (1)
1202 4334 1241 4389 lix
1262 4332 1321 4388 llita
1347 4334 1551 4392 comendavimus
1572 4351 1633 4395 eum
1651 4332 1785 4410 legeretur
1797 4336 1876 4410 cupitli-

251 4395 323 4452 ionis
337 4396 424 4452 redux
439 4395 540 4465 aliquid
563 4395 625 4450 imle
646 4395 755 4451 aberret
770 4393 928 4461 reserretve,
941 4413 1052 4467 acprm-
1105 4417 1163 4456 uero
1190 4403 1239 4459 bis.
1257 4404 1363 4476 Pomp„
1378 4408 1528 4473 eripiatitats.
1552 4381 1561 4410 ⁹

251 4467 346 4525 sertim
370 4468 414 4538 qui
428 4467 599 4522 sacerrimum
615 4482 757 4537 responsa,
773 4467 808 4522 ub
820 4482 880 4537 qum
889 4468 932 4522 isti
944 4469 1053 4537 [unatim
1140 4475 1181 4542 (5)
1201 4475 1264 4530 lisa.
1278 4475 1369 4542 lietu..
1386 4476 1502 4536 Toleut..
1520 4490 1633 4550 expectet
1645 4499 1655 4537 .·
1666 4481 1724 4538 Vita
1741 4483 1841 4551 Spectet.

250 4551 315 4595 sunt
329 4540 465 4608 appellati,
485 4549 620 4609 repeteret
635 4581 644 4603 .
657 4538 810 4609 cuiusmodi
831 4539 913 4595 luisse
928 4539 1051 4597 videmus
1142 4547 1182 4617 (i)
1198 4544 1227 4602 lu
1242 4546 1323 4602 cdibs
1333 4557 1362 4604 ct
1374 4563 1440 4605 mss.
1457 4551 1509 4606 boc
1521 4551 1581 4607 loco
1594 4553 1725 4612 inseritur
1738 4559 1792 4629 ejas
1802 4596 1807 4614 .
1819 4549 1873 4624 qttltl

249 4627 324 4678 curu,
338 4611 374 4666 de
396 4625 450 4692 quo
474 4610 504 4665 S.
530 4610 604 4665 Zeno
625 4609 753 4681 loquitur.
778 4607 919 4666 l'oneticot
938 4613 1048 4681 quidem
1066 4597 1263 4675 Darrctoritate
1275 4618 1345 4674 Vitae
1358 4623 1545 4680 transtulimus
1559 4623 1593 4679 ad
1609 4624 1686 4694 illut,
1702 4631 1757 4682 siras
1769 4628 1819 4694 qut
1830 4639 1873 4678 ert·

247 4681 276 4740 S.
292 4682 468 4750 Augustinus,
479 4697 507 4739 tu
519 4681 589 4754 psal.
604 4697 650 4748 xa,
666 4697 742 4738 trum.
758 4682 785 4747 l,
798 4697 858 4750 pap.
872 4683 942 4747 515,
957 4686 1047 4740 notui·
1101 4689 1208 4743 ditione.

248 4765 294 4808 nm
323 4767 372 4808 eos
393 4767 511 4824 paganos
531 4753 576 4823 qui
597 4750 632 4806 de
651 4754 728 4808 ruina
753 4753 962 4811 christianorum
986 4762 1046 4811 tau·
1136 4759 1175 4833 (5)
1187 4760 1214 4815 lu
1228 4760 1285 4815 llito
1297 4762 1420 4832 potientis
1433 4766 1736 4836 moturu,qttodnonren
1749 4761 1871 4826 nescimus.

247 4839 328 4897 quam
341 4839 375 4880 et
387 4825 497 4879 orarculo
512 4822 582 4906 iuter
595 4838 655 4906 sese
666 4824 876 4908 respondebant.
1100 4846 1133 4883 au
1149 4831 1240 4886 ollitas
1254 4839 1385 4903 scriptore
1397 4851 1446 4906 pro
1457 4835 1569 4894 iaciliuti
1581 4839 1871 4914 irrtettigeotiatosertm

283 4893 342 4968 (55)
361 4894 545 4960 Rraprcltettdtt
562 4909 615 4947 uutt
633 4897 764 4963 sttttpltcts
788 4897 840 4951 ctbt
863 4899 1045 4968 sumptionem
1101 4902 1190 4970 itterit,
1206 4920 1266 4957 cum
1281 4916 1354 4959 cortu
1368 4909 1549 4965 trecessurium
1561 4926 1615 4966 non
1626 4915 1671 4970 sil.

245 4980 306 5022 cum
318 4966 551 5033 iulideliconiuge
562 4964 611 5045 scd
618 4966 798 5034 sumptionem
808 4968 860 5042 cibi
871 4985 903 5024 ct
911 4969 1044 5026 biblorum
1136 4973 1174 5044 (ti)
1197 4974 1246 5030 lis.
1270 4974 1365 5045 Pomp.
1380 4980 1491 5042 corripit
1507 4980 1580 5036 troiia
1590 4983 1782 5051 traebatmmreg
1795 4983 1817 5039 io
1830 4993 1869 5035 ms.

246 5036 381 5093 sacrificio
392 5037 503 5092 domum
517 5047 639 5091 amartto
650 5037 735 5100 allati.
748 5053 799 5093 nco
812 5055 864 5094 noo
878 5041 945 5094 alias
957 5041 984 5096 id
999 5059 1045 5113 gs·
1098 5043 1165 5100 Zeu.
1178 5057 1203 5101 et
1218 5046 1283 5102 edit.
1303 5046 1382 5114 lietu,
1397 5051 1488 5106 rabbitis
1502 5053 1685 5113 turtmmrm,

246 5109 320 5164 neris
344 5107 554 5177 superstitiones
576 5109 604 5162 in
628 5109 688 5162 cibo
711 5119 739 5164 et
774 5118 835 5178 poto
856 5112 933 5166 statis
947 5113 1044 5169 diebus
1134 5115 1173 5189 (i)
1194 5113 1223 5172 ln
1236 5118 1316 5173 colitis
1330 5122 1470 5176 nttrrotio:
1486 5123 1512 5176 iu
1527 5139 1606 5192 ross..
1624 5142 1689 5183 vero
1701 5137 1728 5184 et
1743 5127 1808 5192 lita,
1820 5135 1868 5178 oct·

168 5203 171 5207 ²
244 5181 369 5242 usitatas,
384 5179 418 5234 rle
432 5179 531 5247 quibus
544 5178 690 5235 cltristiaua
703 5181 797 5236 nortlier
811 5185 870 5237 siue
883 5182 1043 5240 idololatriae
1094 5201 1149 5244 uon
1174 5205 1208 5245 es
1233 5192 1403 5249 correctione
1428 5195 1569 5264 marginali
1584 5198 1711 5254 editionis
1724 5198 1785 5257 Vct.
1806 5197 1866 5252 tild-

244 5249 306 5307 labe
321 5249 481 5320 participare
494 5264 547 5306 oon
561 5257 675 5319 poterat.
691 5249 759 5306 Vide
773 5252 807 5308 dc
821 5251 864 5309 bis
883 5253 958 5324 plura
971 5258 1042 5327 apud
1094 5261 1180 5321 cotio,
1201 5275 1280 5330 quam
1296 5277 1389 5318 roceto
1404 5266 1487 5320 textui
1502 5267 1672 5325 inserendam
1687 5273 1816 5329 durimos.

243 5319 454 5386 Tertullianum,
470 5321 497 5375 iu
513 5321 583 5378 libro
597 5321 629 5376 de
642 5320 808 5378 idololotria.
1129 5329 1168 5404 (8)
1185 5331 1248 5386 diss.
1263 5330 1354 5397 Rent..
1366 5334 1488 5402 Toleni„
1502 5336 1563 5393 Vat.
1582 5341 1707 5409 liberem
1717 5355 1742 5400 et
1756 5357 1808 5415 pro.
1818 5353 1864 5411 pti·

280 5391 339 5468 (il)
351 5393 430 5448 Notat
441 5391 633 5458 Tcrtrrlliauus,
649 5395 695 5448 lib.
711 5409 729 5450 tt
743 5395 775 5448 ad
789 5393 918 5459 Uxorem,
931 5411 992 5463 cap.
1012 5399 1038 5465 5,
1093 5404 1217 5458 motiones
1229 5419 1279 5458 ms.
1296 5405 1465 5474 Pompeiam,
1481 5415 1664 5478 promotiome,

242 5466 453 5537 puqortosuiros,
467 5467 489 5520 si
502 5463 664 5546 christianas
678 5465 804 5523 mulieres
822 5482 885 5523 sese
899 5468 1041 5528 continere
1130 5473 1238 5546 qdiNoo
1250 5492 1403 5550 rtmquopere
1429 5479 1499 5535 idettt
1526 5481 1571 5538 bic
1595 5492 1647 5550 est,
1669 5499 1702 5542 ae
1722 5502 1772 5541 sorr
1789 5493 1863 5551 rotati

240 5546 269 5620 st
282 5552 330 5591 suo
346 5551 423 5593 sacru
435 5537 523 5594 celare
543 5537 727 5607 insptcerent,
745 5539 771 5594 in
795 5539 978 5607 suspicionem
995 5557 1041 5598 te·
1092 5561 1176 5613 opere
1189 5547 1261 5616 quod
1275 5551 1301 5603 itt
1313 5564 1364 5604 ms.
1379 5548 1445 5607 Zeu.
1458 5551 1566 5625 legitur,
1579 5569 1627 5611 seu
1643 5558 1738 5626 facitu
1756 5573 1804 5627 qun
1815 5566 1863 5606 seo·

240 5622 324 5673 m-se,
342 5610 480 5692 namacius
503 5609 600 5663 durent
620 5622 749 5677 operam,
772 5619 818 5664 out
842 5613 1038 5670 scnemtmsilti
1090 5632 1148 5673 stto
1165 5616 1503 5692 Zenouealibioccipitur‚
1531 5626 1755 5696 quctnodmodum
1774 5637 1862 5697 nttqtl·

240 5691 337 5758 pararc
361 5682 566 5736 meditarentur.
582 5678 765 5736 ouationem
783 5689 873 5738 autcttt
888 5693 917 5738 et
942 5685 1036 5739 crude·
1089 5703 1149 5755 pere
1164 5701 1275 5760 usurpat
1292 5706 1340 5758 pro
1354 5707 1447 5764 meque
1458 5711 1543 5764 opere,
1560 5713 1608 5754 scu
1630 5699 1721 5757 labore
1735 5701 1774 5756 ret
1788 5697 1861 5754 iudam

238 5749 303 5802 irato
328 5753 433 5804 risorem
459 5750 561 5806 idcirco
588 5750 617 5809 S.
633 5749 708 5806 Zeno
732 5754 871 5821 meminit;
891 5752 962 5825 quod
988 5757 1036 5825 qui
1088 5762 1137 5815 tria
1153 5775 1247 5830 rrrapna
1262 5769 1339 5818 tract.
1356 5779 1413 5829 ιιιι,
1431 5781 1506 5823 nutu.
1522 5767 1550 5822 2.

235 5818 368 5876 adulteria
381 5833 408 5877 et
430 5820 575 5878 homicidia
599 5823 712 5881 deorum
730 5825 816 5895 colit,
845 5827 880 5884 de
907 5826 1033 5885 adultero
1123 5829 1181 5902 (tlt)
1197 5831 1245 5888 its.
1263 5832 1356 5904 Potup.
1371 5837 1482 5908 corrigit
1493 5847 1584 5898 sturm.

380 3658 469 3711 Sed'ut
480 3658 598 3709 lauaticus
607 3663 684 3710 teslro

381 3721 518 3772 Percussus
524 3721 627 3772 Bellona
635 3727 679 3772 tuo
689 3720 781 3772 ditloal
791 3735 798 3772 :
