3950 6317
51 325 73 381 tt
476 326 590 386 casta
609 322 836 384 COLLleONlS
855 321 1168 387 caurusstttuttsts
1562 325 1569 379 l
1589 325 1660 384 taos

55 442 121 496 siat.
145 441 211 509 Quae
236 457 285 498 ros
303 443 403 515 urgetl
425 443 495 512 Quid
517 443 678 499 testinatur!
705 439 739 497 Et
759 440 851 504 uliuA
901 439 1070 500 Marcellinus
1091 446 1130 500 rir
1155 445 1315 502 clarissimus
1342 445 1462 500 tubanus
1492 453 1518 500 et
1544 443 1660 499 noterius

53 549 92 586 su.
109 531 260 589 Petilianns
275 535 419 606 episcopus
435 535 590 607 recognovi.
845 531 944 588 dicit:
958 533 1077 592 Possunt
1091 535 1173 592 laodic
1188 536 1296 593 selredus
1310 535 1352 592 rel
1362 537 1397 592 ab
1411 533 1501 592 ollicio
1515 532 1658 605 compleri,

54 627 82 683 6.
101 629 265 700 Augustinus
279 631 415 703 episcopus
437 629 558 687 Ecclesiae
577 631 711 686 eatboliccs
724 629 808 685 dicit:
858 623 901 680 tcl
913 624 947 680 ab
955 632 1068 696 utraque
1079 636 1155 698 parte
1165 628 1320 686 subscribit
1330 627 1565 701 lliluruscacsptor
1574 625 1658 683 dicits

52 737 60 778 c
78 723 171 778 solum
190 732 300 781 constet
313 723 387 796 ipsos
401 739 459 781 rem
476 724 549 782 velle
563 724 681 782 dillerre.
697 723 731 784 tu
742 738 809 780 con·
858 719 944 777 llodie
955 721 1070 778 schedas
1084 725 1264 795 complemus.

52 821 80 867 at
102 814 259 870 sublimitas
286 825 340 884 tua,
371 816 486 886 petimus
515 825 551 871 te.
574 803 733 872 ⁴llumamtm
755 825 807 883 est,
895 813 1063 870 Marcellinus
1089 817 1127 871 sir
1159 818 1317 874 clarissimus
1341 817 1460 873 tubuntu
1491 824 1515 872 ct
1543 815 1658 871 scutarius

54 901 179 960 siderare
206 905 321 972 volunt,
349 905 487 962 discutere
514 907 631 973 volutat,
657 908 807 976 paratiores
858 907 944 964 dicit:
959 907 1093 978 Quoniam
1106 911 1239 981 suggessit
1255 910 1373 967 oltlcium
1393 911 1474 967 bodie
1493 923 1525 965 sc
1542 906 1659 964 schedas

55 1003 95 1050 mt
116 997 225 1066 venire,
240 1013 275 1054 ne
293 997 418 1054 nolentes
437 997 547 1055 dtdeme
566 999 714 1070 prolixiora
732 1009 807 1071 gesta
858 1016 938 1073 posse
956 1003 1112 1074 complere,
1126 1001 1216 1058 edicat
1231 1005 1359 1059 sanctitas
1370 1013 1462 1060 vestra
1476 1014 1565 1059 utrum
1579 1000 1660 1058 bodio

56 1103 150 1154 antus,
172 1097 202 1146 ct
220 1091 278 1162 ipsa
295 1099 434 1161 gestorum
448 1092 587 1164 prolixitas
601 1092 717 1164 majores
730 1093 808 1150 uobis
858 1092 903 1148 vel
914 1093 1033 1149 crastino
1046 1093 1091 1150 dic
1104 1095 1140 1150 sit
1154 1103 1246 1166 parata
1260 1095 1442 1152 subscribere.

52 1197 93 1238 as
108 1185 236 1240 incutiat.
252 1181 349 1241 Elcliu
361 1201 448 1241 manu.
462 1183 628 1258 Recognovi.
895 1184 1100 1243 usdaudana
1122 1188 1356 1262 episcopusdixit:
1374 1186 1442 1246 (lutu
1463 1189 1541 1246 nobis
1558 1188 1659 1246 sebeda

58 1277 83 1330 7.
102 1274 274 1333 Marcellinus
289 1279 327 1332 air
341 1277 499 1334 ιιαήιιίηιιε
511 1277 631 1334 tribunus
648 1289 672 1334 ct
688 1279 807 1335 neurius
858 1277 947 1334 obtata
961 1278 1052 1346 luerit,
1063 1280 1275 1338 subscribemus.
1293 1280 1328 1336 llt
1339 1279 1392 1337 ulie
1403 1298 1490 1338 manu.
1506 1280 1661 1338 adeodatus

58 1377 67 1422 t
78 1383 86 1422 :
99 1365 139 1422 Et
154 1375 184 1423 ut
195 1368 222 1423 in
234 1367 308 1425 bunc
317 1367 388 1424 diem
398 1369 516 1440 cognitio
528 1369 693 1440 diaeresim,
705 1372 806 1428 utrius·
858 1372 1001 1443 episcopus
1015 1374 1174 1444 recognovi.

69 1461 156 1530 partis
184 1470 289 1519 constat
301 1463 568 1532 luissecousensum,
581 1464 652 1538 quod
666 1465 744 1524 video
756 1465 807 1524 lto-
896 1467 941 1522 65.
963 1464 1134 1523 Marcellinus
1148 1467 1186 1522 air
1204 1467 1365 1524 clndssimus
1378 1467 1496 1523 tribunus
1509 1467 1662 1524 ensurius

58 1553 192 1624 prodesse
205 1569 259 1612 nott
274 1569 366 1627 posse.
380 1555 551 1625 iniuriamne
565 1559 696 1631 precepi,
713 1560 747 1617 ab
759 1577 807 1618 ec·
858 1558 949 1615 dicit:
974 1557 1072 1616 Edicat
1098 1575 1169 1616 nuuc
1197 1558 1317 1616 ollicium
1343 1568 1405 1632 post
1434 1560 1662 1633 subscriptionem

53 1647 166 1704 iusticie
191 1647 304 1704 notariis
326 1647 359 1706 ad
384 1665 465 1722 quam
491 1660 596 1723 partetu
621 1651 701 1710 luerit
724 1653 806 1711 dilata
858 1651 1034 1720 schedarum,
1049 1653 1132 1709 etiam
1148 1654 1174 1709 in
1188 1652 1308 1710 editione
1322 1662 1461 1726 gestorum
1475 1661 1540 1726 quot
1554 1654 1661 1710 dicrum

55 1739 123 1794 nitio
139 1741 281 1798 recitetur.
858 1747 984 1804 sulliccre
1001 1748 1088 1819 possit
1101 1747 1161 1804 siue
1172 1747 1225 1803 ulla
1239 1747 1414 1803 excusatione
1429 1746 1533 1802 dilatio.

58 1833 85 1888 8.
110 1830 259 1888 Petilianis
279 1833 415 1904 episcorum
432 1834 514 1890 dicit:
540 1833 675 1906 Scriptum
697 1836 733 1892 sit
753 1836 844 1900 bocB
893 1841 938 1897 dl.
955 1839 1064 1898 Hilarus
1081 1851 1200 1915 suceptor
1214 1841 1297 1897 dicit:
1312 1840 1341 1897 Si
1352 1840 1471 1898 crastino
1485 1838 1531 1897 dio
1542 1839 1663 1896 subscri·

52 1945 59 1978 n
74 1935 171 1981 nostro
180 1927 247 1982 vitio
259 1925 328 1995 lieri,
341 1926 388 1982 sed
401 1934 504 1983 tantum
517 1928 590 1999 quod
603 1927 699 1984 notarii
713 1943 809 1984 occur·
859 1933 965 2004 pserint
974 1934 1017 1989 vel
1029 1933 1122 2001 bodie,
1135 1949 1279 2005 possumus
1288 1934 1333 1991 die
1345 1943 1480 2004 noctuque
1490 1933 1662 2007 invigilantes

53 2033 139 2074 ernon
160 2027 315 2090 potuerunt,
337 2019 378 2074 sel
397 2028 568 2090 exceptores.
592 2015 627 2074 Et
646 2021 700 2074 elia
717 2037 807 2078 manu
861 2036 922 2099 post
934 2028 1042 2084 tertium
1057 2027 1130 2084 diem
1145 2038 1219 2099 gesta
1234 2027 1333 2096 cdere,
1355 2029 1391 2084 ita
1406 2038 1436 2085 ut
1449 2027 1549 2084 notarii
1565 2042 1663 2084 eorum

52 2111 159 2166 ‚ittanns
179 2112 321 2183 episcopus
335 2111 490 2184 recognovi.
860 2119 939 2176 uobis
956 2119 991 2176 de
1009 2119 1109 2176 sclteda
1128 2117 1280 2190 subscripta
1302 2118 1415 2175 dictent.
1438 2117 1607 2175 Mucelliuss
1624 2118 1665 2172 sir

53 2205 94 2261 59.
111 2203 277 2262 llurcdiinus
290 2207 329 2262 nir
343 2206 503 2262 clarissinms
518 2206 637 2262 trtbnnns
656 2215 679 2262 cl
692 2208 810 2263 noterius
860 2210 1018 2267 clarissimas
1042 2211 1161 2267 tribunus
1180 2220 1204 2267 ct
1223 2211 1342 2267 notanus
1355 2209 1437 2267 dicit:
1458 2211 1526 2281 Quis
1538 2212 1590 2267 ists
1603 2208 1663 2267 diss

54 2297 99 2350 it:
123 2295 228 2352 Recita.
243 2295 388 2354 lanuarias
401 2298 518 2354 notariam
537 2295 659 2354 Ecclesiae
677 2297 809 2372 Sitifensis
861 2302 898 2358 sit
908 2303 942 2359 ab
956 2301 1048 2358 allicio
1060 2303 1228 2373 designetur.
1247 2303 1404 2375 unpnnnnne
1419 2303 1504 2359 scriba
1514 2304 1562 2358 oiri
1572 2302 1665 2358 claris-

58 2393 92 2447 tis
112 2389 208 2447 Donati
225 2409 256 2449 ce
274 2393 362 2448 codice
375 2394 500 2449 recitauit.
521 2391 651 2450 Nobiliter
664 2403 710 2451 ttta
724 2394 809 2449 dicit:
861 2395 920 2450 uati
937 2397 1066 2450 curatoris
1087 2396 1154 2452 dicit
1175 2413 1181 2450 :
1209 2395 1362 2452 llodicruus
1383 2395 1442 2453 dics
1459 2406 1502 2452 est
1521 2411 1551 2452 ιιι
1578 2411 1665 2453 nonas

55 2486 108 2540 icat
119 2485 238 2542 olliclum
253 2496 383 2558 quantum
393 2486 448 2558 jam
461 2487 514 2544 diei
527 2489 809 2544 videaturemensum.
861 2485 966 2544 luntias.
980 2486 1150 2544 Herculanea
1160 2489 1200 2544 sir
1210 2489 1372 2545 clarissimas
1383 2489 1502 2544 tumeres
1512 2498 1537 2547 et
1546 2491 1667 2546 notarim

55 2577 170 2643 baianas
180 2580 262 2634 scribo
273 2579 320 2634 uini
331 2579 467 2634 clarissimi
478 2579 604 2634 curatoris
614 2581 698 2636 dicit:
714 2580 812 2636 Erem·
863 2578 929 2634 dicit
939 2594 948 2634 :
960 2577 1037 2634 Diem
1048 2594 1142 2650 quero
1156 2594 1212 2650 quo
1222 2579 1268 2636 edi
1281 2589 1357 2651 gesta
1372 2582 1537 2652 promissum
1547 2591 1599 2640 cst.
1614 2581 1665 2637 lli-

56 2671 226 2728 esuntborae
241 2671 366 2729 undecim
379 2671 444 2728 diei.
459 2671 714 2729 Nobilitastnanliait
724 2671 813 2744 :Quo-
864 2671 935 2728 larus
947 2680 1068 2742 suceptor
1082 2672 1166 2728 disis:
1185 2671 1335 2730 Possumus
1348 2682 1424 2746 gesta
1445 2673 1529 2731 edere
1547 2675 1666 2746 septimo

58 2781 82 2816 m
99 2763 157 2819 dici
172 2779 240 2834 peric
250 2779 358 2821 omnem
369 2771 473 2835 partem
487 2773 594 2821 constat
609 2779 760 2836 emensum,
771 2766 813 2823 id·
863 2763 958 2824 iduum
970 2764 1110 2822 lanuiarum
1124 2765 1180 2823 die.

56 2871 87 2911 co
102 2865 197 2912 utrum
212 2873 244 2912 ex
259 2857 399 2914 connmuui
413 2871 547 2914 consensu
561 2857 662 2914 dilierri
677 2859 814 2932 negotium
902 2857 948 2916 65.
962 2858 1134 2916 llarcelliaus
1146 2859 1186 2916 oir
1200 2860 1361 2917 suasanus
1373 2862 1491 2919 catenen
1508 2873 1532 2919 ct
1548 2865 1665 2925 saluus

58 2964 119 3011 celii
136 2955 288 3012 inlimelug,
309 2955 346 3012 Ab
364 2967 474 3026 utraqu
489 2964 562 3028 paple
581 2955 679 3013 dictum
692 2965 739 3012 m,
753 2957 815 3012 Pla.
867 2949 948 3006 dixit:
974 2949 1052 3007 Licet
1077 2950 1132 3023 jdlll
1158 2951 1193 3008 dc
1214 2951 1430 3024 professionibus
1449 2955 1573 3015 dublelli!
1598 2959 1666 3016 mihi

56 3088 65 3114 ‚
87 3047 219 3117 quoniam
243 3049 294 3105 iste
316 3048 374 3105 dies
395 3049 502 3105 ridetur
521 3064 659 3106 emensus.
685 3048 815 3106 Nobilitas
868 3057 963 3113 magna
987 3051 1122 3110 1111111111,
1147 3045 1457 3104 1111111111111111111111111
1476 3059 1554 3107 setin
1572 3051 1665 3110 iduum

71 3144 163 3200 dicit:
185 3143 213 3200 lu
228 3159 308 3214 quem
327 3141 399 3200 diem
418 3143 477 3202 baec
492 3143 549 3218 ipsa
565 3145 816 3216 comperendinatio
868 3137 1100 3212 middletum
1114 3138 1175 3206 die,
1189 3140 1316 3197 omnibus
1327 3142 1487 3214 ambagibus
1500 3145 1664 3217 ampautta,

56 3237 168 3305 t'eratur,
191 3251 254 3309 pars
274 3246 388 3309 utraque
403 3237 537 3310 designet.
559 3239 669 3311 Alypius
682 3241 816 3312 episcopus
830 3232 854 3298 C
870 3231 1007 3303 1116111111
1029 3230 1066 3289 111
1086 3231 1237 3305 6111116111
1256 3234 1444 3303 ineundum,
1468 3250 1532 3308 11111
1551 3245 1667 3311 1111161111

55 3333 139 3388 rlcsioe
159 3332 295 3388 catboiicu
314 3333 397 3389 dicit:
416 3333 493 3390 Sicut
515 3333 604 3389 edicto
624 3332 751 3390 nobilitas
772 3343 817 3390 tua
869 3323 1003 3396 designet.

55 3424 195 3496 escripsit‚
214 3425 334 3480 crastino
354 3423 511 3481 intermisso
530 3433 640 3497 propter
657 3425 818 3482 sclnedarum
908 3417 953 3476 66.
968 3417 1130 3489 Amisus
1147 3419 1284 3493 episcopas
1301 3419 1425 3478 beaw
1438 3420 1571 3478 mebeten
1580 3421 1669 3478 dicit:

53 3521 229 3590 scriptionem
249 3518 393 3590 perendie,
414 3517 439 3574 si
463 3519 604 3589 praecipis.
629 3517 818 3576 observamus.
871 3509 927 3568 N0⁸
940 3519 967 3566 11
987 3510 1222 3579 111111110111111111,
1241 3513 1309 3570 1111
1329 3513 1387 3571 11111
1407 3523 1509 3586 11111111,
1525 3515 1670 3573 vellemus.

55 3612 167 3668 cedatne
189 3613 325 3686 episcopus
348 3612 435 3667 dicit:
458 3611 545 3666 Etiam
563 3626 612 3668 nos
634 3611 820 3668 contsentimus
871 3601 974 3660 Tamen
990 3606 1052 3676 quia
1068 3605 1216 3662 burnauutn
1235 3604 1286 3662 luit
1306 3604 1357 3662 boc
1370 3605 1522 3665 concedere
1538 3607 1670 3668 iratribus

60 3705 216 3776 perendino
230 3703 274 3760 die
285 3703 423 3776 negotium
439 3714 593 3776 peragatur.
611 3703 765 3761 Sublimitas
777 3714 821 3762 tna
873 3700 974 3756 nostris
988 3698 1061 3771 quod
1079 3699 1158 3758 nobis
1170 3715 1224 3756 non
1242 3700 1342 3771 injuste
1360 3699 1486 3758 videntur
1498 3702 1650 3772 postulasse
1662 3743 1672 3770 ,

52 3799 103 3854 en:
119 3799 199 3854 stem
210 3797 333 3869 partibus
344 3799 456 3870 ptaenn,
469 3797 617 3870 parendum
629 3797 673 3854 dte
684 3799 821 3869 aragonum
872 3791 907 3846 aa
918 3789 990 3846 utem
1004 3801 1110 3847 uncam
1125 3791 1386 3861 unianimitatem,
1399 3792 1544 3866 adinventa
1555 3794 1672 3850 uantna

52 3901 168 3948 reterns,
185 3889 220 3945 Et
234 3907 292 3945 cum
307 3891 448 3946 senensem,
875 3883 930 3939 bea
949 3892 1054 3950 nostro,
1078 3883 1219 3940 adlaturos
1241 3900 1291 3943 nos
1313 3884 1347 3943 ad
1375 3886 1557 3958 peragendum
1573 3885 1674 3958 princi-

51 3984 99 4039 llli.
118 3981 291 4039 llurccllinus
305 3983 344 4038 air
359 3982 517 4038 clarissimus
533 3982 648 4038 tribunus
667 3990 690 4038 et
708 3981 824 4038 notarius
874 3976 936 4049 pale
953 3979 1093 4048 negotium
1111 3977 1242 4034 dantesie
1264 3977 1434 4050 pollicemur.
1458 3977 1491 4034 Et
1511 3979 1565 4035 ulia
1582 3995 1673 4034 manu.

52 4081 103 4134 cit:
122 4077 308 4151 Utrarumque
326 4079 441 4150 partium
462 4077 630 4149 professione
645 4087 823 4134 ntottstratum
874 4068 1041 4143 Recognoti·
1057 4069 1226 4128 llucellintta
1238 4073 1279 4128 uir
1289 4073 1449 4128 emersimus
1463 4073 1579 4128 tribunus
1591 4081 1615 4127 ct
1628 4089 1676 4128 uo·

52 4183 56 4224 ς
73 4172 103 4226 in
116 4171 192 4226 bunc
208 4170 279 4225 diem
295 4171 476 4242 cognitionem
498 4172 725 4240 immeditatem,
745 4171 780 4228 ita
796 4179 825 4228 ut
875 4166 956 4222 lttrt'tu
971 4165 1055 4222 linit:
1075 4165 1166 4222 Elium
1182 4181 1244 4238 pars
1258 4165 1311 4222 alia
1328 4164 1393 4239 quid
1413 4166 1559 4222 voluntatis
1577 4163 1678 4223 babeat

52 4263 250 4334 dienegotinm
261 4273 432 4343 tractaretur.
875 4257 1002 4331 dignetur
1020 4257 1139 4316 edicere.

52 4359 102 4413 ot.
120 4357 269 4412 Petilinnus
284 4359 421 4431 episcopus
441 4357 527 4414 dicit:
545 4357 572 4415 Si
589 4359 761 4429 perlucerent
774 4373 827 4429 ge-
912 4352 958 4409 67.
983 4351 1116 4408 Emeritos
1138 4355 1275 4426 episcopus
1296 4354 1383 4410 dicit:
1405 4355 1443 4411 be
1462 4353 1680 4428 professionibus

52 4470 55 4502 t
73 4461 252 4522 exceptores,
269 4458 373 4521 agatur.
393 4451 426 4505 tu
443 4451 495 4506 ulie
508 4468 595 4506 aventu.
611 4450 646 4507 tn
661 4467 753 4523 supra.
878 4445 977 4500 ansuis
992 4446 1064 4500 nulla
1084 4455 1126 4501 est
1141 4447 1312 4518 amblguitas.
1333 4447 1468 4517 Quantam
1483 4457 1573 4504 autem
1587 4447 1621 4504 ad
1635 4449 1680 4504 iu·

53 4545 235 4600 Marcellinus
264 4545 302 4599 uir
329 4546 490 4600 clarissimus
517 4545 635 4601 tribunus
662 4553 686 4600 et
713 4547 827 4603 notamus
878 4539 1073 4602 structionem,
1094 4553 1174 4610 11111111
1198 4538 1681 4615 111111111111111111011811111·

52 4637 110 4692 rit:
130 4636 209 4691 Licet
229 4637 408 4706 apertissimis
428 4637 508 4693 luerit
523 4637 738 4707 professionibus
754 4637 827 4695 desi·
841 4627 867 4690 1)
880 4647 955 4699 mus,
977 4630 1095 4686 advertit
1110 4631 1236 4688 nobilitas
1250 4639 1294 4686 tua
1309 4647 1360 4687 nos
1370 4632 1443 4704 jaste
1456 4646 1483 4690 ct
1499 4635 1618 4708 legitime
1632 4650 1684 4708 po-

56 4742 136 4785 ntum
150 4730 177 4784 iu
190 4727 710 4800 quenudiemdilatumessetjudieium‚
726 4740 827 4797 tantem,
882 4725 1010 4781 stulasse.
1036 4722 1111 4780 Diem
1131 4733 1222 4779 autem
1247 4732 1389 4791 statutum,
1419 4726 1472 4783 ltoe
1495 4737 1548 4794 cst,
1574 4735 1683 4782 sertum

75 4822 145 4894 quid
169 4823 193 4876 ei
213 4821 283 4894 parti
304 4837 364 4892 qum
382 4821 539 4878 dilationem
560 4821 681 4892 postulat
701 4829 829 4893 negatum
859 4870 863 4876 .
884 4816 974 4871 iduum
994 4813 1156 4882 laniorum.
1172 4815 1195 4870 si
1209 4814 1281 4871 [leus
1305 4816 1428 4886 iusserit,
1456 4816 1683 4881 observabimus:

53 4929 84 4969 se
109 4914 250 4980 rideatur,
273 4914 391 4985 cognitio
411 4913 562 4982 differetur,
581 4915 617 4971 ita
641 4922 670 4971 ut
691 4913 779 4972 edicat
801 4913 830 4972 in
885 4913 920 4966 ita
939 4920 1029 4966 tamen
1050 4919 1081 4965 ut
1101 4907 1219 4980 acceptis
1241 4911 1325 4982 gestis
1346 4911 1424 4968 uobis
1437 4911 1567 4982 largiatur
1581 4909 1685 4982 aliquid

53 5021 108 5060 nem
122 5004 197 5059 diem
211 5004 307 5060 debeat
320 5005 452 5078 judicium
467 5004 605 5078 protelari.
884 5003 1056 5077 aeqttissimus
1065 5002 1161 5075 judex,
1180 5018 1234 5074 quo
1248 5004 1334 5075 possit
1346 5018 1407 5060 esse
1422 5013 1560 5060 tractatus.
1582 5001 1617 5059 Et
1631 5003 1687 5060 ulia

60 5097 215 5153 Petilienus
246 5098 384 5171 episcopus
412 5099 510 5155 dicit:
541 5099 636 5156 Dicant
671 5111 832 5170 exceptores
884 5114 973 5154 manu.
989 5097 1125 5153 Emeritos
1137 5097 1282 5169 episcopus
1293 5097 1449 5168 recognovi.
1466 5096 1685 5164 Marcellinusrir

53 5191 141 5248 tando
155 5191 254 5248 edituri
276 5201 338 5248 sunt
351 5201 438 5263 gesta.
456 5191 490 5247 Et
505 5173 559 5249 alin
575 5211 664 5248 mons.
685 5193 833 5251 Petiliaaus
884 5190 1045 5247 clarissimus
1059 5190 1176 5246 rntnnns
1187 5201 1210 5247 et
1224 5191 1341 5246 notamus
1353 5191 1438 5248 dicit:
1454 5191 1575 5263 Septinm
1592 5188 1688 5248 iduum

53 5288 179 5356 niscopns
198 5287 354 5357 recognovi.
372 5285 539 5342 llareellinus
555 5287 593 5341 uir
610 5287 768 5342 clarissimus
787 5287 835 5342 tri·
886 5283 1029 5340 laniacum
1041 5283 1087 5339 die
1101 5283 1242 5340 matutinis
1261 5283 1336 5340 ltoris
1349 5283 1429 5340 vobis
1442 5291 1517 5355 gesta
1535 5281 1687 5339 tradentur.

54 5397 117 5436 *trus
132 5389 159 5434 et
178 5379 297 5434 notamus
315 5379 400 5434 dicit:
419 5379 585 5448 Exceptores
600 5379 709 5450 quartdo
723 5390 837 5452 possunt
889 5379 997 5436 Edicitc
1009 5386 1100 5435 utrum
1112 5378 1165 5434 sliu
1178 5379 1233 5442 die.
1247 5378 1273 5433 ld
1284 5386 1338 5444 est,
1350 5385 1427 5433 sexto
1434 5377 1526 5431 iduum
1536 5373 1691 5444 laniacum,

63 5469 182 5527 scltcdis
203 5479 278 5541 gesta
297 5469 432 5525 conscribi
447 5481 474 5523 et
486 5470 589 5526 edenda
609 5472 758 5542 compleri,
782 5469 839 5526 edi·
889 5469 987 5526 adesse
1002 5468 1150 5542 dIgnemini
1169 5477 1199 5525 ut
1218 5467 1367 5541 principata
1381 5467 1518 5538 negotium
1534 5475 1686 5538 peragatur.

53 5583 96 5622 ere
109 5581 165 5621 non
179 5575 330 5620 morentur.
346 5563 453 5618 llilurus
464 5575 584 5635 receptor
593 5565 674 5620 dicit:
688 5563 836 5620 Sicutcon-
893 5561 1022 5617 Emeritos
1037 5563 1173 5634 episeopus
1189 5561 1275 5616 dicit:
1292 5558 1437 5615 Aderimus
1451 5558 1483 5613 ad
1502 5557 1651 5629 judicium,
1667 5559 1693 5615 si

60 5673 135 5714 usus
146 5659 261 5714 accessit
280 5665 455 5726 utrnrtmnpuu
470 5657 602 5725 gluttiunt,
621 5659 684 5712 datu
699 5659 724 5711 ln
738 5656 840 5713 scheda
891 5673 952 5728 qam
968 5656 1065 5711 statuit
1079 5655 1206 5711 nobilitas
1218 5663 1272 5718 tna,
1287 5650 1430 5706 babueriut
1442 5649 1578 5707 edoctum.
1592 5647 1626 5704 Et
1638 5650 1693 5708 elic

55 5753 247 5810 msecutiancs
258 5765 322 5807 suas
335 5749 553 5819 subscripserint,
567 5759 633 5807 tunc
647 5751 754 5808 demum
767 5751 840 5808 diem
893 5767 982 5807 manu.
1000 5750 1136 5805 Enneritus
1150 5747 1294 5819 episcopus
1305 5745 1462 5814 recognovi.

55 5843 211 5904 leudorum
225 5855 363 5914 gestarunt
380 5853 522 5913 possumus
534 5842 653 5900 edicere.
930 5845 975 5902 68.
1000 5839 1172 5900 unntttnn
1185 5839 1224 5896 sir
1238 5837 1398 5895 curiosiores
1414 5836 1530 5894 silanus
1542 5845 1565 5893 ct
1579 5825 1695 5893 colidici
