<?xml version="1.0" encoding="UTF-8"?>
<!DOCTYPE html PUBLIC "-//W3C//DTD XHTML 1.0 Transitional//EN"
    "http://www.w3.org/TR/xhtml1/DTD/xhtml1-transitional.dtd">
<html xmlns="http://www.w3.org/1999/xhtml" xml:lang="en" lang="en">
 <head>
  <title>
</title>
<meta http-equiv="Content-Type" content="text/html;charset=utf-8" />
  <meta name='ocr-system' content='tesseract 3.04.00' />
  <meta name='ocr-capabilities' content='ocr_page ocr_carea ocr_par ocr_line ocrx_word'/>
</head>
<body>
  <div class='ocr_page' id='page_1' title='image "./patrologiaecurs210unkngoog/patrologiaecurs210unkngoog_0027.png"; bbox 0 0 3950 6317; ppageno 0'>
   <div class='ocr_carea' id='block_1_1' title="bbox 197 286 1844 359">
    <p class='ocr_par' dir='ltr' id='par_1_1' title="bbox 197 286 1844 359">
     <span class='ocr_line' id='line_1_1' title="bbox 197 286 1844 359; baseline 0.006 -16"><span class='ocrx_word' id='word_1_1' title='bbox 197 296 232 351; x_wconf 75' lang='lat' dir='ltr'><strong>bi</strong></span> <span class='ocrx_word' id='word_1_2' title='bbox 874 286 1142 347; x_wconf 78' lang='lat' dir='ltr'><strong>Pbobeeottonn.</strong></span> <span class='ocrx_word' id='word_1_3' title='bbox 1367 349 1374 359; x_wconf 79' lang='grc'>,</span> <span class='ocrx_word' id='word_1_4' title='bbox 1805 295 1844 353; x_wconf 82' lang='lat' dir='ltr'><strong>ts</strong></span> 
     </span>
    </p>
   </div>
   <div class='ocr_carea' id='block_1_2' title="bbox 115 408 1880 5923">
    <p class='ocr_par' dir='ltr' id='par_1_2' title="bbox 115 408 1880 5923">
     <span class='ocr_line' id='line_1_2' title="bbox 197 408 1845 489; baseline 0.003 -21"><span class='ocrx_word' id='word_1_5' title='bbox 197 429 260 468; x_wconf 82' lang='lat' dir='ltr'><strong>erran</strong></span> <span class='ocrx_word' id='word_1_6' title='bbox 274 417 375 469; x_wconf 78' lang='lat' dir='ltr'><strong>Auctor</strong></span> <span class='ocrx_word' id='word_1_7' title='bbox 389 411 464 465; x_wconf 79' lang='lat' dir='ltr'><strong>amnt</strong></span> <span class='ocrx_word' id='word_1_8' title='bbox 474 408 643 465; x_wconf 70' lang='lat' dir='ltr'><strong>substantiam</strong></span> <span class='ocrx_word' id='word_1_9' title='bbox 657 408 757 467; x_wconf 89' lang='lat' dir='ltr'><strong>acriter</strong></span> <span class='ocrx_word' id='word_1_10' title='bbox 767 408 896 477; x_wconf 73' lang='lat' dir='ltr'>inculcet,</span> <span class='ocrx_word' id='word_1_11' title='bbox 908 424 988 481; x_wconf 89' lang='lat' dir='ltr'><strong>qnam</strong></span> <span class='ocrx_word' id='word_1_12' title='bbox 1002 408 1156 470; x_wconf 77' lang='lat' dir='ltr'><strong>Aneeesse</strong></span> <span class='ocrx_word' id='word_1_13' title='bbox 1169 409 1260 465; x_wconf 84' lang='lat' dir='ltr'><strong>esset?</strong></span> <span class='ocrx_word' id='word_1_14' title='bbox 1274 409 1437 468; x_wconf 73' lang='lat' dir='ltr'><strong>Incredibile</strong></span> <span class='ocrx_word' id='word_1_15' title='bbox 1452 412 1478 467; x_wconf 92' lang='lat' dir='ltr'><strong>id</strong></span> <span class='ocrx_word' id='word_1_16' title='bbox 1494 426 1560 471; x_wconf 84' lang='lat' dir='ltr'><strong>sane</strong></span> <span class='ocrx_word' id='word_1_17' title='bbox 1574 422 1633 479; x_wconf 78' lang='lat' dir='ltr'><strong>est,</strong></span> <span class='ocrx_word' id='word_1_18' title='bbox 1649 416 1672 470; x_wconf 88' lang='lat' dir='ltr'><strong>si</strong></span> <span class='ocrx_word' id='word_1_19' title='bbox 1688 419 1845 489; x_wconf 80' lang='lat' dir='ltr'><strong>prasertim</strong></span> 
     </span>
     <span class='ocr_line' id='line_1_3' title="bbox 196 503 1846 582; baseline 0.001 -17"><span class='ocrx_word' id='word_1_20' title='bbox 196 510 289 565; x_wconf 86' lang='lat' dir='ltr'><strong>enteri</strong></span> <span class='ocrx_word' id='word_1_21' title='bbox 303 505 422 579; x_wconf 86' lang='lat' dir='ltr'><strong>ejusdem</strong></span> <span class='ocrx_word' id='word_1_22' title='bbox 435 504 486 561; x_wconf 73' lang='lat' dir='ltr'><strong>tevi</strong></span> <span class='ocrx_word' id='word_1_23' title='bbox 501 503 595 560; x_wconf 87' lang='lat' dir='ltr'><strong>Patres</strong></span> <span class='ocrx_word' id='word_1_24' title='bbox 608 504 739 561; x_wconf 83' lang='lat' dir='ltr'><strong>adsersus</strong></span> <span class='ocrx_word' id='word_1_25' title='bbox 752 505 867 560; x_wconf 80' lang='lat' dir='ltr'><strong>briones</strong></span> <span class='ocrx_word' id='word_1_26' title='bbox 881 520 915 559; x_wconf 81' lang='lat' dir='ltr'><strong>ex</strong></span> <span class='ocrx_word' id='word_1_27' title='bbox 927 518 990 575; x_wconf 89' lang='lat' dir='ltr'><strong>pre·</strong></span> <span class='ocrx_word' id='word_1_28' title='bbox 1045 504 1205 561; x_wconf 83' lang='lat' dir='ltr'><strong>cotisidcres</strong></span> <span class='ocrx_word' id='word_1_29' title='bbox 1220 547 1228 573; x_wconf 96' lang='lat'><strong>,</strong></span> <span class='ocrx_word' id='word_1_30' title='bbox 1257 504 1383 578; x_wconf 90' lang='lat' dir='ltr'><strong>origenis</strong></span> <span class='ocrx_word' id='word_1_31' title='bbox 1409 510 1489 578; x_wconf 75' lang='lat' dir='ltr'><strong>greci</strong></span> <span class='ocrx_word' id='word_1_32' title='bbox 1514 510 1673 581; x_wconf 71' lang='lat' dir='ltr'>antiquique</span> <span class='ocrx_word' id='word_1_33' title='bbox 1699 512 1846 582; x_wconf 85' lang='lat' dir='ltr'><strong>scriptoris</strong></span> 
     </span>
     <span class='ocr_line' id='line_1_4' title="bbox 195 597 1842 675; baseline 0.004 -18"><span class='ocrx_word' id='word_1_34' title='bbox 195 602 286 671; x_wconf 88' lang='lat' dir='ltr'><strong>posite</strong></span> <span class='ocrx_word' id='word_1_35' title='bbox 299 600 457 656; x_wconf 68' lang='lat' dir='ltr'><strong>dimicantes</strong></span> <span class='ocrx_word' id='word_1_36' title='bbox 471 597 653 666; x_wconf 77' lang='lat' dir='ltr'><strong>inculcarunt,</strong></span> <span class='ocrx_word' id='word_1_37' title='bbox 667 597 910 655; x_wconf 84' lang='lat' dir='ltr'><strong>consubstantialis</strong></span> <span class='ocrx_word' id='word_1_38' title='bbox 924 598 988 654; x_wconf 87' lang='lat' dir='ltr'><strong>licet</strong></span> <span class='ocrx_word' id='word_1_39' title='bbox 1040 616 1123 672; x_wconf 86' lang='lat' dir='ltr'><strong>opera</strong></span> <span class='ocrx_word' id='word_1_40' title='bbox 1138 602 1360 661; x_wconf 85' lang='lat' dir='ltr'><strong>occidentalibus</strong></span> <span class='ocrx_word' id='word_1_41' title='bbox 1379 602 1473 675; x_wconf 86' lang='lat' dir='ltr'><strong>ignata</strong></span> <span class='ocrx_word' id='word_1_42' title='bbox 1487 602 1589 673; x_wconf 80' lang='lat' dir='ltr'><strong>luisse,</strong></span> <span class='ocrx_word' id='word_1_43' title='bbox 1604 616 1750 675; x_wconf 87' lang='lat' dir='ltr'><strong>antequam</strong></span> <span class='ocrx_word' id='word_1_44' title='bbox 1765 608 1842 664; x_wconf 85' lang='lat' dir='ltr'><strong>ccle-</strong></span> 
     </span>
     <span class='ocr_line' id='line_1_5' title="bbox 192 689 1844 773; baseline 0.005 -25"><span class='ocrx_word' id='word_1_45' title='bbox 192 709 288 751; x_wconf 84' lang='lat' dir='ltr'><strong>uocem</strong></span> <span class='ocrx_word' id='word_1_46' title='bbox 313 704 481 763; x_wconf 88' lang='lat' dir='ltr'><strong>nequaqnam</strong></span> <span class='ocrx_word' id='word_1_47' title='bbox 503 689 642 759; x_wconf 88' lang='lat' dir='ltr'><strong>adltibeat,</strong></span> <span class='ocrx_word' id='word_1_48' title='bbox 668 690 734 747; x_wconf 84' lang='lat' dir='ltr'><strong>satis</strong></span> <span class='ocrx_word' id='word_1_49' title='bbox 757 704 787 747; x_wconf 79' lang='lat' dir='ltr'><strong>se</strong></span> <span class='ocrx_word' id='word_1_50' title='bbox 812 690 988 747; x_wconf 81' lang='lat' dir='ltr'><strong>nihilominus</strong></span> <span class='ocrx_word' id='word_1_51' title='bbox 1039 692 1098 751; x_wconf 86' lang='lat' dir='ltr'><strong>bris</strong></span> <span class='ocrx_word' id='word_1_52' title='bbox 1110 695 1298 750; x_wconf 81' lang='lat' dir='ltr'><strong>controuersia</strong></span> <span class='ocrx_word' id='word_1_53' title='bbox 1315 695 1350 751; x_wconf 89' lang='lat' dir='ltr'><strong>de</strong></span> <span class='ocrx_word' id='word_1_54' title='bbox 1362 694 1489 768; x_wconf 74' lang='lat' dir='ltr'><strong>origenis</strong></span> <span class='ocrx_word' id='word_1_55' title='bbox 1503 696 1581 752; x_wconf 88' lang='lat' dir='ltr'><strong>libris</strong></span> <span class='ocrx_word' id='word_1_56' title='bbox 1598 696 1651 754; x_wconf 86' lang='lat' dir='ltr'><strong>sul)</strong></span> <span class='ocrx_word' id='word_1_57' title='bbox 1665 697 1747 755; x_wconf 85' lang='lat' dir='ltr'><strong>bnem</strong></span> <span class='ocrx_word' id='word_1_58' title='bbox 1765 716 1844 773; x_wconf 90' lang='lat' dir='ltr'><strong>pror-</strong></span> 
     </span>
     <span class='ocr_line' id='line_1_6' title="bbox 181 782 1844 860; baseline 0.004 -15"><span class='ocrx_word' id='word_1_59' title='bbox 181 782 390 847; x_wconf 78' lang='lat' dir='ltr'><strong>&#39;aduersuseam</strong></span> <span class='ocrx_word' id='word_1_60' title='bbox 407 787 533 845; x_wconf 75' lang='lat' dir='ltr'><strong>heresim</strong></span> <span class='ocrx_word' id='word_1_61' title='bbox 546 786 730 843; x_wconf 88' lang='lat' dir='ltr'><strong>decertantem</strong></span> <span class='ocrx_word' id='word_1_62' title='bbox 742 785 842 857; x_wconf 90' lang='lat' dir='ltr'><strong>prodit.</strong></span> <span class='ocrx_word' id='word_1_63' title='bbox 857 785 910 843; x_wconf 85' lang='lat' dir='ltr'><strong>Sed</strong></span> <span class='ocrx_word' id='word_1_64' title='bbox 926 800 988 855; x_wconf 90' lang='lat' dir='ltr'><strong>pcr-</strong></span> <span class='ocrx_word' id='word_1_65' title='bbox 1039 800 1087 843; x_wconf 87' lang='lat' dir='ltr'><strong>sns</strong></span> <span class='ocrx_word' id='word_1_66' title='bbox 1097 788 1185 860; x_wconf 83' lang='lat' dir='ltr'><strong>quarti</strong></span> <span class='ocrx_word' id='word_1_67' title='bbox 1196 790 1289 846; x_wconf 84' lang='lat' dir='ltr'><strong>saecntt</strong></span> <span class='ocrx_word' id='word_1_68' title='bbox 1301 790 1478 848; x_wconf 81' lang='lat' dir='ltr'><strong>excitaretur.</strong></span> <span class='ocrx_word' id='word_1_69' title='bbox 1491 790 1558 848; x_wconf 84' lang='lat' dir='ltr'><strong>lllutl</strong></span> <span class='ocrx_word' id='word_1_70' title='bbox 1568 802 1776 853; x_wconf 85' lang='lat' dir='ltr'><strong>autcmeertum</strong></span> <span class='ocrx_word' id='word_1_71' title='bbox 1799 806 1844 853; x_wconf 85' lang='lat' dir='ltr'><strong>est</strong></span> 
     </span>
     <span class='ocr_line' id='line_1_7' title="bbox 189 880 1846 959; baseline 0.005 -20"><span class='ocrx_word' id='word_1_72' title='bbox 189 896 285 955; x_wconf 84' lang='lat' dir='ltr'><strong>gamus</strong></span> <span class='ocrx_word' id='word_1_73' title='bbox 297 883 330 938; x_wconf 90' lang='lat' dir='ltr'><strong>ad</strong></span> <span class='ocrx_word' id='word_1_74' title='bbox 343 882 406 940; x_wconf 90' lang='lat' dir='ltr'><strong>alia.</strong></span> <span class='ocrx_word' id='word_1_75' title='bbox 1039 880 1093 939; x_wconf 88' lang='lat' dir='ltr'><strong>boe</strong></span> <span class='ocrx_word' id='word_1_76' title='bbox 1108 882 1226 953; x_wconf 91' lang='lat' dir='ltr'><strong>primum</strong></span> <span class='ocrx_word' id='word_1_77' title='bbox 1241 893 1365 955; x_wconf 77' lang='lat' dir='ltr'><strong>tempure</strong></span> <span class='ocrx_word' id='word_1_78' title='bbox 1381 902 1436 941; x_wconf 94' lang='lat' dir='ltr'><strong>uon</strong></span> <span class='ocrx_word' id='word_1_79' title='bbox 1454 885 1490 941; x_wconf 90' lang='lat' dir='ltr'><strong>ab</strong></span> <span class='ocrx_word' id='word_1_80' title='bbox 1507 886 1661 959; x_wconf 81' lang='lat' dir='ltr'><strong>Epiphania</strong></span> <span class='ocrx_word' id='word_1_81' title='bbox 1673 889 1776 957; x_wconf 86' lang='lat' dir='ltr'><strong>sctum,</strong></span> <span class='ocrx_word' id='word_1_82' title='bbox 1795 890 1846 947; x_wconf 86' lang='lat' dir='ltr'><strong>sed</strong></span> 
     </span>
     <span class='ocr_line' id='line_1_8' title="bbox 225 968 1880 1054; baseline 0.004 -19"><span class='ocrx_word' id='word_1_83' title='bbox 225 977 301 1035; x_wconf 86' lang='lat' dir='ltr'><strong>lianc</strong></span> <span class='ocrx_word' id='word_1_84' title='bbox 313 993 394 1035; x_wconf 89' lang='lat' dir='ltr'><strong>unam</strong></span> <span class='ocrx_word' id='word_1_85' title='bbox 409 978 589 1037; x_wconf 72' lang='lat' dir='ltr'><strong>remeantem</strong></span> <span class='ocrx_word' id='word_1_86' title='bbox 604 986 633 1036; x_wconf 89' lang='lat' dir='ltr'><strong>ut</strong></span> <span class='ocrx_word' id='word_1_87' title='bbox 646 978 738 1035; x_wconf 79' lang='lat' dir='ltr'><strong>Ariani</strong></span> <span class='ocrx_word' id='word_1_88' title='bbox 754 978 788 1035; x_wconf 90' lang='lat' dir='ltr'><strong>tle</strong></span> <span class='ocrx_word' id='word_1_89' title='bbox 802 976 892 1035; x_wconf 91' lang='lat' dir='ltr'><strong>medie</strong></span> <span class='ocrx_word' id='word_1_90' title='bbox 906 977 987 1035; x_wconf 88' lang='lat' dir='ltr'><strong>tolle-</strong></span> <span class='ocrx_word' id='word_1_91' title='bbox 1038 979 1229 1053; x_wconf 78' lang='lat' dir='ltr'><strong>aTbeepbylo</strong></span> <span class='ocrx_word' id='word_1_92' title='bbox 1243 968 1430 1037; x_wconf 79' lang='lat' dir='ltr'><strong>Alexandrino</strong></span> <span class='ocrx_word' id='word_1_93' title='bbox 1443 981 1560 1053; x_wconf 88' lang='lat' dir='ltr'><strong>aliisque</strong></span> <span class='ocrx_word' id='word_1_94' title='bbox 1580 984 1766 1054; x_wconf 87' lang='lat' dir='ltr'><strong>compluribus</strong></span> <span class='ocrx_word' id='word_1_95' title='bbox 1781 984 1844 1041; x_wconf 82' lang='lat' dir='ltr'><strong>oci-</strong></span> <span class='ocrx_word' id='word_1_96' title='bbox 1875 986 1880 995; x_wconf 86' lang='lat'><em>&#39;</em></span> 
     </span>
     <span class='ocr_line' id='line_1_9' title="bbox 187 1072 1844 1149; baseline 0.003 -19"><span class='ocrx_word' id='word_1_97' title='bbox 187 1080 269 1141; x_wconf 87' lang='lat' dir='ltr'><strong>rent,</strong></span> <span class='ocrx_word' id='word_1_98' title='bbox 292 1072 458 1143; x_wconf 84' lang='lat' dir='ltr'><strong>objiciebant</strong></span> <span class='ocrx_word' id='word_1_99' title='bbox 482 1073 533 1129; x_wconf 87' lang='lat' dir='ltr'><strong>bac</strong></span> <span class='ocrx_word' id='word_1_100' title='bbox 557 1073 662 1130; x_wconf 89' lang='lat' dir='ltr'><strong>ratione</strong></span> <span class='ocrx_word' id='word_1_101' title='bbox 675 1072 710 1129; x_wconf 90' lang='lat' dir='ltr'><strong>dc</strong></span> <span class='ocrx_word' id='word_1_102' title='bbox 734 1072 822 1129; x_wconf 86' lang='lat' dir='ltr'><strong>Patris</strong></span> <span class='ocrx_word' id='word_1_103' title='bbox 837 1072 986 1129; x_wconf 87' lang='lat' dir='ltr'><strong>substantia</strong></span> <span class='ocrx_word' id='word_1_104' title='bbox 1039 1088 1137 1146; x_wconf 89' lang='lat' dir='ltr'><strong>genem</strong></span> <span class='ocrx_word' id='word_1_105' title='bbox 1151 1083 1288 1144; x_wconf 83' lang='lat' dir='ltr'><strong>tamquam</strong></span> <span class='ocrx_word' id='word_1_106' title='bbox 1302 1075 1360 1129; x_wconf 83' lang='lat' dir='ltr'><strong>brii</strong></span> <span class='ocrx_word' id='word_1_107' title='bbox 1380 1084 1485 1145; x_wconf 90' lang='lat' dir='ltr'><strong>patrem</strong></span> <span class='ocrx_word' id='word_1_108' title='bbox 1504 1076 1608 1133; x_wconf 76' lang='lat' dir='ltr'><strong>traduci</strong></span> <span class='ocrx_word' id='word_1_109' title='bbox 1627 1077 1761 1149; x_wconf 73' lang='lat' dir='ltr'><strong>coepisse3</strong></span> <span class='ocrx_word' id='word_1_110' title='bbox 1779 1088 1844 1135; x_wconf 89' lang='lat' dir='ltr'><strong>ante</strong></span> 
     </span>
     <span class='ocr_line' id='line_1_10' title="bbox 186 1166 1841 1243; baseline 0.003 -20"><span class='ocrx_word' id='word_1_111' title='bbox 186 1167 292 1239; x_wconf 86' lang='lat' dir='ltr'><strong>aliquid</strong></span> <span class='ocrx_word' id='word_1_112' title='bbox 307 1168 391 1225; x_wconf 86' lang='lat' dir='ltr'><strong>luisse</strong></span> <span class='ocrx_word' id='word_1_113' title='bbox 405 1168 556 1240; x_wconf 87' lang='lat' dir='ltr'><strong>demptum,</strong></span> <span class='ocrx_word' id='word_1_114' title='bbox 573 1176 603 1225; x_wconf 86' lang='lat' dir='ltr'><strong>ut</strong></span> <span class='ocrx_word' id='word_1_115' title='bbox 614 1168 699 1225; x_wconf 85' lang='lat' dir='ltr'><strong>Filios</strong></span> <span class='ocrx_word' id='word_1_116' title='bbox 709 1169 877 1241; x_wconf 87' lang='lat' dir='ltr'><strong>gigneretur,</strong></span> <span class='ocrx_word' id='word_1_117' title='bbox 892 1170 987 1239; x_wconf 86' lang='lat' dir='ltr'><strong>sicque</strong></span> <span class='ocrx_word' id='word_1_118' title='bbox 1038 1166 1112 1237; x_wconf 90' lang='lat' dir='ltr'><strong>quud</strong></span> <span class='ocrx_word' id='word_1_119' title='bbox 1129 1178 1309 1239; x_wconf 78' lang='lat' dir='ltr'><strong>tempuscula</strong></span> <span class='ocrx_word' id='word_1_120' title='bbox 1324 1182 1406 1225; x_wconf 85' lang='lat' dir='ltr'><strong>nemo</strong></span> <span class='ocrx_word' id='word_1_121' title='bbox 1420 1184 1490 1225; x_wconf 82' lang='lat' dir='ltr'><strong>unius</strong></span> <span class='ocrx_word' id='word_1_122' title='bbox 1505 1170 1634 1227; x_wconf 87' lang='lat' dir='ltr'><strong>inventus</strong></span> <span class='ocrx_word' id='word_1_123' title='bbox 1659 1172 1698 1226; x_wconf 87' lang='lat' dir='ltr'><strong>sit</strong></span> <span class='ocrx_word' id='word_1_124' title='bbox 1718 1174 1764 1243; x_wconf 87' lang='lat' dir='ltr'><strong>qui</strong></span> <span class='ocrx_word' id='word_1_125' title='bbox 1779 1172 1841 1229; x_wconf 89' lang='lat' dir='ltr'><strong>ori-</strong></span> 
     </span>
     <span class='ocr_line' id='line_1_11' title="bbox 187 1258 1844 1337; baseline 0.002 -17"><span class='ocrx_word' id='word_1_126' title='bbox 187 1264 361 1320; x_wconf 89' lang='lat' dir='ltr'><strong>imminutum</strong></span> <span class='ocrx_word' id='word_1_127' title='bbox 375 1274 400 1319; x_wconf 93' lang='lat' dir='ltr'><strong>et</strong></span> <span class='ocrx_word' id='word_1_128' title='bbox 418 1262 605 1335; x_wconf 73' lang='lat' dir='ltr'><strong>imperfectum</strong></span> <span class='ocrx_word' id='word_1_129' title='bbox 621 1262 729 1319; x_wconf 89' lang='lat' dir='ltr'><strong>Patrem</strong></span> <span class='ocrx_word' id='word_1_130' title='bbox 741 1279 757 1319; x_wconf 88' lang='lat' dir='ltr'><strong>a</strong></span> <span class='ocrx_word' id='word_1_131' title='bbox 768 1261 918 1319; x_wconf 88' lang='lat' dir='ltr'><strong>Gatltolieis</strong></span> <span class='ocrx_word' id='word_1_132' title='bbox 935 1262 986 1319; x_wconf 88' lang='lat' dir='ltr'><strong>ad·</strong></span> <span class='ocrx_word' id='word_1_133' title='bbox 1040 1258 1104 1332; x_wconf 88' lang='lat' dir='ltr'><strong>geni</strong></span> <span class='ocrx_word' id='word_1_134' title='bbox 1114 1276 1177 1317; x_wconf 88' lang='lat' dir='ltr'><strong>cnm</strong></span> <span class='ocrx_word' id='word_1_135' title='bbox 1191 1276 1314 1317; x_wconf 86' lang='lat' dir='ltr'><strong>errorent</strong></span> <span class='ocrx_word' id='word_1_136' title='bbox 1329 1261 1460 1329; x_wconf 79' lang='lat' dir='ltr'><strong>albaerit,</strong></span> <span class='ocrx_word' id='word_1_137' title='bbox 1475 1264 1542 1321; x_wconf 87' lang='lat' dir='ltr'><strong>satis</strong></span> <span class='ocrx_word' id='word_1_138' title='bbox 1557 1263 1709 1337; x_wconf 85' lang='lat' dir='ltr'><strong>probabilis</strong></span> <span class='ocrx_word' id='word_1_139' title='bbox 1724 1268 1844 1324; x_wconf 90' lang='lat' dir='ltr'><strong>rtonnnl-</strong></span> 
     </span>
     <span class='ocr_line' id='line_1_12' title="bbox 187 1351 1846 1427; baseline 0.002 -14"><span class='ocrx_word' id='word_1_140' title='bbox 187 1357 351 1415; x_wconf 89' lang='lat' dir='ltr'><strong>mittendum</strong></span> <span class='ocrx_word' id='word_1_141' title='bbox 373 1356 543 1413; x_wconf 87' lang='lat' dir='ltr'><strong>dictitabant.</strong></span> <span class='ocrx_word' id='word_1_142' title='bbox 569 1355 673 1425; x_wconf 84' lang='lat' dir='ltr'><strong>Quibus</strong></span> <span class='ocrx_word' id='word_1_143' title='bbox 697 1364 727 1412; x_wconf 89' lang='lat' dir='ltr'><strong>ot</strong></span> <span class='ocrx_word' id='word_1_144' title='bbox 749 1370 780 1412; x_wconf 90' lang='lat' dir='ltr'><strong>se</strong></span> <span class='ocrx_word' id='word_1_145' title='bbox 803 1372 833 1413; x_wconf 88' lang='lat' dir='ltr'><strong>se</strong></span> <span class='ocrx_word' id='word_1_146' title='bbox 855 1355 987 1426; x_wconf 85' lang='lat' dir='ltr'><strong>eltjireret</strong></span> <span class='ocrx_word' id='word_1_147' title='bbox 1039 1351 1074 1407; x_wconf 91' lang='lat' dir='ltr'><strong>lis</strong></span> <span class='ocrx_word' id='word_1_148' title='bbox 1091 1352 1146 1406; x_wconf 86' lang='lat' dir='ltr'><strong>risa</strong></span> <span class='ocrx_word' id='word_1_149' title='bbox 1161 1360 1204 1409; x_wconf 88' lang='lat' dir='ltr'><strong>cst</strong></span> <span class='ocrx_word' id='word_1_150' title='bbox 1229 1368 1323 1410; x_wconf 90' lang='lat' dir='ltr'><strong>eorum</strong></span> <span class='ocrx_word' id='word_1_151' title='bbox 1341 1355 1389 1427; x_wconf 91' lang='lat' dir='ltr'><strong>qui</strong></span> <span class='ocrx_word' id='word_1_152' title='bbox 1402 1354 1513 1427; x_wconf 87' lang='lat' dir='ltr'><strong>origeni</strong></span> <span class='ocrx_word' id='word_1_153' title='bbox 1534 1356 1717 1426; x_wconf 87' lang='lat' dir='ltr'><strong>patrecinium</strong></span> <span class='ocrx_word' id='word_1_154' title='bbox 1735 1374 1846 1416; x_wconf 88' lang='lat' dir='ltr'><strong>accom-</strong></span> 
     </span>
     <span class='ocr_line' id='line_1_13' title="bbox 187 1444 1843 1520; baseline 0.002 -13"><span class='ocrx_word' id='word_1_155' title='bbox 187 1452 301 1518; x_wconf 81' lang='lat' dir='ltr'><strong>Auetor,</strong></span> <span class='ocrx_word' id='word_1_156' title='bbox 328 1459 362 1507; x_wconf 86' lang='lat' dir='ltr'><strong>tr.</strong></span> <span class='ocrx_word' id='word_1_157' title='bbox 383 1452 411 1520; x_wconf 80' lang='grc'><strong>1,</strong></span> <span class='ocrx_word' id='word_1_158' title='bbox 430 1454 481 1508; x_wconf 89' lang='lat' dir='ltr'><strong>bac</strong></span> <span class='ocrx_word' id='word_1_159' title='bbox 501 1450 640 1507; x_wconf 86' lang='lat' dir='ltr'><strong>locutione</strong></span> <span class='ocrx_word' id='word_1_160' title='bbox 659 1464 724 1507; x_wconf 87' lang='lat' dir='ltr'><strong>usus</strong></span> <span class='ocrx_word' id='word_1_161' title='bbox 739 1460 781 1506; x_wconf 87' lang='lat' dir='ltr'><strong>est</strong></span> <span class='ocrx_word' id='word_1_162' title='bbox 808 1468 815 1505; x_wconf 83' lang='lat' dir='ltr'><strong>s</strong></span> <span class='ocrx_word' id='word_1_163' title='bbox 839 1449 920 1505; x_wconf 81' lang='lat' dir='ltr'><strong>Pater</strong></span> <span class='ocrx_word' id='word_1_164' title='bbox 939 1466 986 1505; x_wconf 82' lang='lat' dir='ltr'><strong>rua</strong></span> <span class='ocrx_word' id='word_1_165' title='bbox 1038 1444 1183 1501; x_wconf 89' lang='lat' dir='ltr'><strong>medarurtt</strong></span> <span class='ocrx_word' id='word_1_166' title='bbox 1203 1446 1489 1519; x_wconf 83' lang='lat' dir='ltr'><strong>exeusatie,0rigenis</strong></span> <span class='ocrx_word' id='word_1_167' title='bbox 1500 1448 1585 1505; x_wconf 87' lang='lat' dir='ltr'><strong>libres</strong></span> <span class='ocrx_word' id='word_1_168' title='bbox 1595 1450 1630 1504; x_wconf 87' lang='lat' dir='ltr'><strong>ab</strong></span> <span class='ocrx_word' id='word_1_169' title='bbox 1640 1451 1751 1507; x_wconf 74' lang='lat' dir='ltr'><strong>Arianis</strong></span> <span class='ocrx_word' id='word_1_170' title='bbox 1761 1452 1843 1511; x_wconf 85' lang='lat' dir='ltr'><strong>luisse</strong></span> 
     </span>
     <span class='ocr_line' id='line_1_14' title="bbox 186 1539 1845 1618; baseline -0.001 -17"><span class='ocrx_word' id='word_1_171' title='bbox 186 1556 305 1603; x_wconf 78' lang='lat' dir='ltr'><strong>ammenta</strong></span> <span class='ocrx_word' id='word_1_172' title='bbox 317 1546 416 1618; x_wconf 78' lang='lat' dir='ltr'><strong>integre</strong></span> <span class='ocrx_word' id='word_1_173' title='bbox 429 1554 508 1609; x_wconf 85' lang='lat' dir='ltr'><strong>stetu,</strong></span> <span class='ocrx_word' id='word_1_174' title='bbox 518 1553 599 1602; x_wconf 87' lang='lat' dir='ltr'><strong>totum</strong></span> <span class='ocrx_word' id='word_1_175' title='bbox 612 1560 640 1600; x_wconf 85' lang='lat' dir='ltr'><strong>re</strong></span> <span class='ocrx_word' id='word_1_176' title='bbox 652 1544 820 1614; x_wconf 85' lang='lat' dir='ltr'><strong>reciprocenit</strong></span> <span class='ocrx_word' id='word_1_177' title='bbox 833 1544 860 1598; x_wconf 90' lang='lat' dir='ltr'><strong>t&#39;tt</strong></span> <span class='ocrx_word' id='word_1_178' title='bbox 874 1542 984 1611; x_wconf 84' lang='lat' dir='ltr'><strong>Filium,</strong></span> <span class='ocrx_word' id='word_1_179' title='bbox 1038 1546 1192 1610; x_wconf 82' lang='lat' dir='ltr'><strong>corruptos,</strong></span> <span class='ocrx_word' id='word_1_180' title='bbox 1208 1539 1290 1596; x_wconf 87' lang='lat' dir='ltr'><strong>sicuti</strong></span> <span class='ocrx_word' id='word_1_181' title='bbox 1301 1540 1470 1597; x_wconf 78' lang='lat' dir='ltr'><strong>adulterasse</strong></span> <span class='ocrx_word' id='word_1_182' title='bbox 1480 1557 1528 1598; x_wconf 90' lang='lat' dir='ltr'><strong>eos</strong></span> <span class='ocrx_word' id='word_1_183' title='bbox 1539 1542 1568 1601; x_wconf 84' lang='lat' dir='ltr'><strong>S.</strong></span> <span class='ocrx_word' id='word_1_184' title='bbox 1580 1542 1710 1601; x_wconf 79' lang='lat' dir='ltr'><strong>lletltodii</strong></span> <span class='ocrx_word' id='word_1_185' title='bbox 1726 1544 1845 1618; x_wconf 48' lang='lat' dir='ltr'><strong>synape*</strong></span> 
     </span>
     <span class='ocr_line' id='line_1_15' title="bbox 186 1632 1845 1713; baseline 0.001 -18"><span class='ocrx_word' id='word_1_186' title='bbox 186 1657 219 1697; x_wconf 86' lang='lat' dir='ltr'><strong>ne</strong></span> <span class='ocrx_word' id='word_1_187' title='bbox 232 1640 295 1713; x_wconf 87' lang='lat' dir='ltr'><strong>quid</strong></span> <span class='ocrx_word' id='word_1_188' title='bbox 305 1640 404 1696; x_wconf 86' lang='lat' dir='ltr'><strong>ribinret</strong></span> <span class='ocrx_word' id='word_1_189' title='bbox 422 1640 567 1711; x_wconf 78' lang='lat' dir='ltr'><strong>derogaret.</strong></span> <span class='ocrx_word' id='word_1_190' title='bbox 582 1638 617 1694; x_wconf 85' lang='lat' dir='ltr'><strong>Et</strong></span> <span class='ocrx_word' id='word_1_191' title='bbox 631 1648 710 1695; x_wconf 86' lang='lat' dir='ltr'><strong>tract.</strong></span> <span class='ocrx_word' id='word_1_192' title='bbox 726 1637 764 1693; x_wconf 84' lang='lat' dir='ltr'><strong>ii:</strong></span> <span class='ocrx_word' id='word_1_193' title='bbox 782 1636 820 1691; x_wconf 86' lang='lat' dir='ltr'><strong>oe</strong></span> <span class='ocrx_word' id='word_1_194' title='bbox 834 1636 984 1692; x_wconf 80' lang='lat' dir='ltr'><strong>oceanaci·</strong></span> <span class='ocrx_word' id='word_1_195' title='bbox 1038 1633 1117 1700; x_wconf 88' lang='lat' dir='ltr'><strong>sion,</strong></span> <span class='ocrx_word' id='word_1_196' title='bbox 1141 1632 1220 1704; x_wconf 90' lang='lat' dir='ltr'><strong>eique</strong></span> <span class='ocrx_word' id='word_1_197' title='bbox 1243 1635 1359 1691; x_wconf 79' lang='lat' dir='ltr'><strong>Arianae</strong></span> <span class='ocrx_word' id='word_1_198' title='bbox 1383 1636 1527 1707; x_wconf 75' lang='lat' dir='ltr'><strong>opiniones</strong></span> <span class='ocrx_word' id='word_1_199' title='bbox 1553 1637 1702 1695; x_wconf 88' lang='lat' dir='ltr'><strong>inseruisse</strong></span> <span class='ocrx_word' id='word_1_200' title='bbox 1726 1649 1845 1697; x_wconf 88' lang='lat' dir='ltr'><strong>testatur</strong></span> 
     </span>
     <span class='ocr_line' id='line_1_16' title="bbox 186 1723 1844 1803; baseline 0.001 -16"><span class='ocrx_word' id='word_1_201' title='bbox 186 1744 230 1789; x_wconf 87' lang='lat' dir='ltr'><strong>tur</strong></span> <span class='ocrx_word' id='word_1_202' title='bbox 250 1732 332 1802; x_wconf 78' lang='lat' dir='ltr'><strong>orus,</strong></span> <span class='ocrx_word' id='word_1_203' title='bbox 348 1742 429 1788; x_wconf 89' lang='lat' dir='ltr'><strong>tatum</strong></span> <span class='ocrx_word' id='word_1_204' title='bbox 444 1731 529 1787; x_wconf 87' lang='lat' dir='ltr'><strong>Petris</strong></span> <span class='ocrx_word' id='word_1_205' title='bbox 544 1730 650 1799; x_wconf 67' lang='lat' dir='ltr'><strong>miens,</strong></span> <span class='ocrx_word' id='word_1_206' title='bbox 668 1728 874 1803; x_wconf 73' lang='lat' dir='ltr'><strong>nilsibderepnnr</strong></span> <span class='ocrx_word' id='word_1_207' title='bbox 888 1727 962 1783; x_wconf 85' lang='lat' dir='ltr'><strong>Petri</strong></span> <span class='ocrx_word' id='word_1_208' title='bbox 976 1743 985 1783; x_wconf 92' lang='lat'><em>:</em></span> <span class='ocrx_word' id='word_1_209' title='bbox 1038 1723 1150 1781; x_wconf 85' lang='lat' dir='ltr'><strong>Pltotius</strong></span> <span class='ocrx_word' id='word_1_210' title='bbox 1162 1726 1223 1781; x_wconf 91' lang='lat' dir='ltr'><strong>cod.</strong></span> <span class='ocrx_word' id='word_1_211' title='bbox 1240 1724 1310 1795; x_wconf 80' lang='lat' dir='ltr'><strong>sto,</strong></span> <span class='ocrx_word' id='word_1_212' title='bbox 1325 1726 1406 1797; x_wconf 87' lang='lat' dir='ltr'><strong>idque</strong></span> <span class='ocrx_word' id='word_1_213' title='bbox 1422 1728 1511 1798; x_wconf 89' lang='lat' dir='ltr'><strong>ipsum</strong></span> <span class='ocrx_word' id='word_1_214' title='bbox 1525 1729 1658 1787; x_wconf 82' lang='lat' dir='ltr'><strong>accidisse</strong></span> <span class='ocrx_word' id='word_1_215' title='bbox 1671 1733 1844 1803; x_wconf 74' lang='lat' dir='ltr'><strong>suspieentur</strong></span> 
     </span>
     <span class='ocr_line' id='line_1_17' title="bbox 185 1814 1843 1899; baseline 0 -14"><span class='ocrx_word' id='word_1_216' title='bbox 185 1830 252 1885; x_wconf 85' lang='lat' dir='ltr'><strong>niter</strong></span> <span class='ocrx_word' id='word_1_217' title='bbox 273 1828 364 1885; x_wconf 72' lang='lat' dir='ltr'><strong>reniet</strong></span> <span class='ocrx_word' id='word_1_218' title='bbox 382 1827 411 1882; x_wconf 90' lang='lat' dir='ltr'><strong>in</strong></span> <span class='ocrx_word' id='word_1_219' title='bbox 431 1827 532 1887; x_wconf 83' lang='lat' dir='ltr'><strong>elimo.</strong></span> <span class='ocrx_word' id='word_1_220' title='bbox 555 1824 669 1899; x_wconf 71' lang='lat' dir='ltr'><strong>cuiusuis</strong></span> <span class='ocrx_word' id='word_1_221' title='bbox 684 1824 768 1896; x_wconf 82' lang='lat' dir='ltr'><strong>pleriq</strong></span> <span class='ocrx_word' id='word_1_222' title='bbox 783 1823 926 1879; x_wconf 80' lang='lat' dir='ltr'><strong>communiis</strong></span> <span class='ocrx_word' id='word_1_223' title='bbox 948 1829 985 1877; x_wconf 81' lang='lat' dir='ltr'><strong>est</strong></span> <span class='ocrx_word' id='word_1_224' title='bbox 999 1814 1024 1876; x_wconf 88' lang='lat' dir='ltr'><strong>tt</strong></span> <span class='ocrx_word' id='word_1_225' title='bbox 1038 1818 1232 1891; x_wconf 87' lang='lat' dir='ltr'><strong>Tlreognosto,</strong></span> <span class='ocrx_word' id='word_1_226' title='bbox 1257 1836 1339 1891; x_wconf 87' lang='lat' dir='ltr'><strong>quem</strong></span> <span class='ocrx_word' id='word_1_227' title='bbox 1360 1822 1470 1879; x_wconf 77' lang='lat' dir='ltr'><strong>Arianis</strong></span> <span class='ocrx_word' id='word_1_228' title='bbox 1488 1824 1674 1885; x_wconf 85' lang='lat' dir='ltr'><strong>locutionibus</strong></span> <span class='ocrx_word' id='word_1_229' title='bbox 1690 1837 1843 1886; x_wconf 85' lang='lat' dir='ltr'><strong>scatentem</strong></span> 
     </span>
     <span class='ocr_line' id='line_1_18' title="bbox 185 1910 1840 1993; baseline 0.001 -17"><span class='ocrx_word' id='word_1_230' title='bbox 185 1923 276 1991; x_wconf 88' lang='lat' dir='ltr'><strong>itener,</strong></span> <span class='ocrx_word' id='word_1_231' title='bbox 297 1922 359 1993; x_wconf 88' lang='lat' dir='ltr'><strong>quin</strong></span> <span class='ocrx_word' id='word_1_232' title='bbox 370 1920 440 1993; x_wconf 86' lang='lat' dir='ltr'><strong>qaod</strong></span> <span class='ocrx_word' id='word_1_233' title='bbox 454 1928 491 1975; x_wconf 82' lang='lat' dir='ltr'><strong>eat</strong></span> <span class='ocrx_word' id='word_1_234' title='bbox 505 1917 530 1973; x_wconf 83' lang='lat' dir='ltr'>F</span> <span class='ocrx_word' id='word_1_235' title='bbox 531 1918 582 1986; x_wconf 83' lang='lat' dir='ltr'><strong>ilii,</strong></span> <span class='ocrx_word' id='word_1_236' title='bbox 603 1916 693 1975; x_wconf 83' lang='lat' dir='ltr'><strong>Putris</strong></span> <span class='ocrx_word' id='word_1_237' title='bbox 717 1926 754 1972; x_wconf 85' lang='lat' dir='ltr'><strong>eat</strong></span> <span class='ocrx_word' id='word_1_238' title='bbox 775 1933 784 1971; x_wconf 87' lang='lat'><strong>.·</strong></span> <span class='ocrx_word' id='word_1_239' title='bbox 806 1916 876 1987; x_wconf 89' lang='lat' dir='ltr'><strong>qnod</strong></span> <span class='ocrx_word' id='word_1_240' title='bbox 897 1914 985 1971; x_wconf 84' lang='lat' dir='ltr'><strong>Petris</strong></span> <span class='ocrx_word' id='word_1_241' title='bbox 1037 1910 1109 1966; x_wconf 86' lang='lat' dir='ltr'><strong>idcnt</strong></span> <span class='ocrx_word' id='word_1_242' title='bbox 1120 1911 1233 1970; x_wconf 90' lang='lat' dir='ltr'><strong>Pltetius</strong></span> <span class='ocrx_word' id='word_1_243' title='bbox 1245 1928 1294 1969; x_wconf 86' lang='lat' dir='ltr'><strong>sua</strong></span> <span class='ocrx_word' id='word_1_244' title='bbox 1305 1922 1386 1971; x_wconf 81' lang='lat' dir='ltr'><strong>atate</strong></span> <span class='ocrx_word' id='word_1_245' title='bbox 1402 1917 1514 1987; x_wconf 85' lang='lat' dir='ltr'><strong>reperit,</strong></span> <span class='ocrx_word' id='word_1_246' title='bbox 1525 1933 1588 1973; x_wconf 89' lang='lat' dir='ltr'><strong>cum</strong></span> <span class='ocrx_word' id='word_1_247' title='bbox 1602 1934 1666 1976; x_wconf 89' lang='lat' dir='ltr'><strong>cunt</strong></span> <span class='ocrx_word' id='word_1_248' title='bbox 1681 1920 1753 1976; x_wconf 89' lang='lat' dir='ltr'><strong>iuter</strong></span> <span class='ocrx_word' id='word_1_249' title='bbox 1764 1921 1840 1978; x_wconf 88' lang='lat' dir='ltr'><strong>lecu-</strong></span> 
     </span>
     <span class='ocr_line' id='line_1_19' title="bbox 185 2004 1844 2084; baseline 0 -12"><span class='ocrx_word' id='word_1_250' title='bbox 185 2017 319 2072; x_wconf 86' lang='lat' dir='ltr'><strong>ambernm</strong></span> <span class='ocrx_word' id='word_1_251' title='bbox 336 2032 343 2068; x_wconf 72' lang='grc' dir='ltr'><em>ι</em></span> <span class='ocrx_word' id='word_1_252' title='bbox 358 2014 432 2084; x_wconf 89' lang='lat' dir='ltr'><strong>qued</strong></span> <span class='ocrx_word' id='word_1_253' title='bbox 446 2014 535 2083; x_wconf 87' lang='lat' dir='ltr'><strong>ipsum</strong></span> <span class='ocrx_word' id='word_1_254' title='bbox 550 2019 679 2080; x_wconf 88' lang='lat' dir='ltr'><strong>repetens</strong></span> <span class='ocrx_word' id='word_1_255' title='bbox 692 2018 728 2066; x_wconf 89' lang='lat' dir='ltr'><strong>tr.</strong></span> <span class='ocrx_word' id='word_1_256' title='bbox 740 2010 758 2065; x_wconf 81' lang='grc'>5</span> <span class='ocrx_word' id='word_1_257' title='bbox 772 2004 841 2065; x_wconf 86' lang='lat' dir='ltr'><strong>alins</strong></span> <span class='ocrx_word' id='word_1_258' title='bbox 856 2009 986 2065; x_wconf 76' lang='lat' dir='ltr'><strong>formulas</strong></span> <span class='ocrx_word' id='word_1_259' title='bbox 1037 2004 1167 2075; x_wconf 84' lang='lat' dir='ltr'><strong>pletieres</strong></span> <span class='ocrx_word' id='word_1_260' title='bbox 1181 2006 1308 2076; x_wconf 88' lang='lat' dir='ltr'><strong>antiquos</strong></span> <span class='ocrx_word' id='word_1_261' title='bbox 1322 2008 1452 2065; x_wconf 85' lang='lat' dir='ltr'><strong>cutlrolici</strong></span> <span class='ocrx_word' id='word_1_262' title='bbox 1464 2009 1600 2082; x_wconf 88' lang='lat' dir='ltr'><strong>dogmatis</strong></span> <span class='ocrx_word' id='word_1_263' title='bbox 1616 2014 1844 2072; x_wconf 86' lang='lat' dir='ltr'><strong>testesadrcrstts</strong></span> 
     </span>
     <span class='ocr_line' id='line_1_20' title="bbox 185 2096 1843 2179; baseline -0.003 -10"><span class='ocrx_word' id='word_1_264' title='bbox 185 2110 295 2169; x_wconf 78' lang='lat' dir='ltr'><strong>britanis</strong></span> <span class='ocrx_word' id='word_1_265' title='bbox 315 2124 332 2166; x_wconf 89' lang='lat' dir='ltr'><strong>e</strong></span> <span class='ocrx_word' id='word_1_266' title='bbox 352 2108 485 2164; x_wconf 87' lang='lat' dir='ltr'><strong>diametro</strong></span> <span class='ocrx_word' id='word_1_267' title='bbox 498 2110 639 2177; x_wconf 80' lang='lat' dir='ltr'><strong>oppositos</strong></span> <span class='ocrx_word' id='word_1_268' title='bbox 652 2105 770 2177; x_wconf 86' lang='lat' dir='ltr'><strong>ingerit:</strong></span> <span class='ocrx_word' id='word_1_269' title='bbox 786 2101 826 2159; x_wconf 87' lang='lat' dir='ltr'><strong>oe</strong></span> <span class='ocrx_word' id='word_1_270' title='bbox 840 2110 894 2159; x_wconf 88' lang='lat' dir='ltr'><strong>tete</strong></span> <span class='ocrx_word' id='word_1_271' title='bbox 907 2112 985 2169; x_wconf 85' lang='lat' dir='ltr'><strong>tetur,</strong></span> <span class='ocrx_word' id='word_1_272' title='bbox 1037 2096 1163 2160; x_wconf 79' lang='lat' dir='ltr'><strong>Arianos.</strong></span> <span class='ocrx_word' id='word_1_273' title='bbox 1174 2099 1301 2156; x_wconf 86' lang='lat' dir='ltr'><strong>adductis</strong></span> <span class='ocrx_word' id='word_1_274' title='bbox 1311 2100 1371 2171; x_wconf 81' lang='lat' dir='ltr'><strong>ejus</strong></span> <span class='ocrx_word' id='word_1_275' title='bbox 1382 2102 1473 2159; x_wconf 82' lang='lat' dir='ltr'><strong>uerbis</strong></span> <span class='ocrx_word' id='word_1_276' title='bbox 1487 2104 1656 2161; x_wconf 80' lang='lat' dir='ltr'><strong>Atltanasins</strong></span> <span class='ocrx_word' id='word_1_277' title='bbox 1667 2106 1843 2179; x_wconf 72' lang='lat' dir='ltr'><strong>allegaverit.</strong></span> 
     </span>
     <span class='ocr_line' id='line_1_21' title="bbox 186 2188 1845 2273; baseline -0.002 -15"><span class='ocrx_word' id='word_1_278' title='bbox 186 2202 218 2260; x_wconf 85' lang='lat' dir='ltr'><strong>de</strong></span> <span class='ocrx_word' id='word_1_279' title='bbox 231 2219 290 2259; x_wconf 84' lang='lat' dir='ltr'><strong>uere</strong></span> <span class='ocrx_word' id='word_1_280' title='bbox 305 2217 390 2269; x_wconf 79' lang='lat' dir='ltr'><strong>term,</strong></span> <span class='ocrx_word' id='word_1_281' title='bbox 403 2200 435 2255; x_wconf 87' lang='lat' dir='ltr'><strong>de</strong></span> <span class='ocrx_word' id='word_1_282' title='bbox 449 2198 563 2273; x_wconf 76' lang='lat' dir='ltr'><strong>perfecte</strong></span> <span class='ocrx_word' id='word_1_283' title='bbox 577 2200 717 2271; x_wconf 76' lang='lat' dir='ltr'><strong>perfectus.</strong></span> <span class='ocrx_word' id='word_1_284' title='bbox 732 2196 826 2253; x_wconf 85' lang='lat' dir='ltr'><strong>Totum</strong></span> <span class='ocrx_word' id='word_1_285' title='bbox 836 2196 926 2251; x_wconf 84' lang='lat' dir='ltr'><strong>Putris</strong></span> <span class='ocrx_word' id='word_1_286' title='bbox 939 2196 987 2251; x_wconf 88' lang='lat' dir='ltr'><strong>bn·</strong></span> <span class='ocrx_word' id='word_1_287' title='bbox 1037 2188 1169 2259; x_wconf 62' lang='lat' dir='ltr'><strong>multem</strong></span> <span class='ocrx_word' id='word_1_288' title='bbox 1185 2191 1209 2247; x_wconf 89' lang='lat' dir='ltr'><strong>si</strong></span> <span class='ocrx_word' id='word_1_289' title='bbox 1224 2192 1356 2265; x_wconf 87' lang='lat' dir='ltr'><strong>Origenes</strong></span> <span class='ocrx_word' id='word_1_290' title='bbox 1377 2196 1568 2264; x_wconf 82' lang='lat' dir='ltr'><strong>prusinuissct</strong></span> <span class='ocrx_word' id='word_1_291' title='bbox 1580 2196 1710 2267; x_wconf 82' lang='lat' dir='ltr'><strong>Arianis,</strong></span> <span class='ocrx_word' id='word_1_292' title='bbox 1725 2202 1773 2271; x_wconf 90' lang='lat' dir='ltr'><strong>qui</strong></span> <span class='ocrx_word' id='word_1_293' title='bbox 1793 2215 1845 2271; x_wconf 93' lang='lat' dir='ltr'><strong>pe-</strong></span> 
     </span>
     <span class='ocr_line' id='line_1_22' title="bbox 172 2284 1841 2367; baseline 0.001 -14"><span class='ocrx_word' id='word_1_294' title='bbox 172 2286 257 2365; x_wconf 84' lang='lat' dir='ltr'><strong>benr,</strong></span> <span class='ocrx_word' id='word_1_295' title='bbox 271 2296 338 2353; x_wconf 84' lang='lat' dir='ltr'><strong>tribil</strong></span> <span class='ocrx_word' id='word_1_296' title='bbox 351 2294 479 2367; x_wconf 75' lang='lat' dir='ltr'><strong>duonum</strong></span> <span class='ocrx_word' id='word_1_297' title='bbox 493 2292 579 2349; x_wconf 86' lang='lat' dir='ltr'><strong>Petri.</strong></span> <span class='ocrx_word' id='word_1_298' title='bbox 597 2293 661 2349; x_wconf 86' lang='lat' dir='ltr'><strong>item</strong></span> <span class='ocrx_word' id='word_1_299' title='bbox 676 2299 754 2348; x_wconf 79' lang='lat' dir='ltr'><strong>tract</strong></span> <span class='ocrx_word' id='word_1_300' title='bbox 772 2292 806 2348; x_wconf 72' lang='lat' dir='ltr'><strong>lis</strong></span> <span class='ocrx_word' id='word_1_301' title='bbox 821 2290 868 2347; x_wconf 89' lang='lat' dir='ltr'><strong>lib.</strong></span> <span class='ocrx_word' id='word_1_302' title='bbox 883 2306 913 2357; x_wconf 93' lang='lat' dir='ltr'><strong>tt,</strong></span> <span class='ocrx_word' id='word_1_303' title='bbox 933 2306 985 2347; x_wconf 90' lang='lat' dir='ltr'><strong>nu·</strong></span> <span class='ocrx_word' id='word_1_304' title='bbox 1037 2284 1152 2341; x_wconf 81' lang='lat' dir='ltr'><strong>tuissent</strong></span> <span class='ocrx_word' id='word_1_305' title='bbox 1170 2285 1256 2360; x_wconf 79' lang='lat' dir='ltr'><strong>[retr]</strong></span> <span class='ocrx_word' id='word_1_306' title='bbox 1270 2298 1399 2345; x_wconf 80' lang='lat' dir='ltr'><strong>tinctores</strong></span> <span class='ocrx_word' id='word_1_307' title='bbox 1426 2291 1559 2349; x_wconf 82' lang='lat' dir='ltr'><strong>adversus</strong></span> <span class='ocrx_word' id='word_1_308' title='bbox 1584 2293 1662 2349; x_wconf 90' lang='lat' dir='ltr'><strong>illum</strong></span> <span class='ocrx_word' id='word_1_309' title='bbox 1675 2304 1740 2351; x_wconf 89' lang='lat' dir='ltr'><strong>ante</strong></span> <span class='ocrx_word' id='word_1_310' title='bbox 1758 2312 1841 2353; x_wconf 81' lang='lat' dir='ltr'><strong>exer·</strong></span> 
     </span>
     <span class='ocr_line' id='line_1_23' title="bbox 184 2380 1839 2458; baseline 0.008 -30"><span class='ocrx_word' id='word_1_311' title='bbox 184 2406 254 2449; x_wconf 58' lang='lat' dir='ltr'><strong>mer,</strong></span> <span class='ocrx_word' id='word_1_312' title='bbox 269 2391 308 2448; x_wconf 76' lang='lat'><strong>5:</strong></span> <span class='ocrx_word' id='word_1_313' title='bbox 327 2388 501 2445; x_wconf 59' lang='lat' dir='ltr'><strong>puggmgnmoe</strong></span> <span class='ocrx_word' id='word_1_314' title='bbox 517 2388 621 2443; x_wconf 58' lang='lat' dir='ltr'><strong>mg,</strong></span> <span class='ocrx_word' id='word_1_315' title='bbox 642 2398 749 2457; x_wconf 59' lang='lat' dir='ltr'><strong>„mm</strong></span> <span class='ocrx_word' id='word_1_316' title='bbox 764 2385 919 2455; x_wconf 43' lang='lat' dir='ltr'><strong>,gemmam</strong></span> <span class='ocrx_word' id='word_1_317' title='bbox 938 2400 986 2457; x_wconf 62' lang='lat' dir='ltr'><strong>pa.</strong></span> <span class='ocrx_word' id='word_1_318' title='bbox 1037 2387 1092 2433; x_wconf 90' lang='lat' dir='ltr'><strong>tam</strong></span> <span class='ocrx_word' id='word_1_319' title='bbox 1111 2380 1327 2451; x_wconf 73' lang='lat' dir='ltr'><strong>origenistarum</strong></span> <span class='ocrx_word' id='word_1_320' title='bbox 1345 2384 1561 2441; x_wconf 84' lang='lat' dir='ltr'><strong>controuersiam</strong></span> <span class='ocrx_word' id='word_1_321' title='bbox 1577 2387 1662 2443; x_wconf 89' lang='lat' dir='ltr'><strong>multa</strong></span> <span class='ocrx_word' id='word_1_322' title='bbox 1673 2390 1839 2458; x_wconf 74' lang='lat' dir='ltr'><strong>scribentes,</strong></span> 
     </span>
     <span class='ocr_line' id='line_1_24' title="bbox 185 2474 1845 2555; baseline 0.007 -16"><span class='ocrx_word' id='word_1_323' title='bbox 185 2493 308 2555; x_wconf 75' lang='lat' dir='ltr'><strong>immoque</strong></span> <span class='ocrx_word' id='word_1_324' title='bbox 321 2483 449 2539; x_wconf 78' lang='lat' dir='ltr'><strong>toleratur.</strong></span> <span class='ocrx_word' id='word_1_325' title='bbox 466 2481 500 2537; x_wconf 82' lang='lat' dir='ltr'><strong>Et</strong></span> <span class='ocrx_word' id='word_1_326' title='bbox 513 2482 542 2537; x_wconf 90' lang='lat' dir='ltr'><strong>io</strong></span> <span class='ocrx_word' id='word_1_327' title='bbox 555 2480 609 2537; x_wconf 85' lang='lat' dir='ltr'><strong>line</strong></span> <span class='ocrx_word' id='word_1_328' title='bbox 624 2489 703 2538; x_wconf 83' lang='lat' dir='ltr'><strong>tract.</strong></span> <span class='ocrx_word' id='word_1_329' title='bbox 722 2482 740 2536; x_wconf 84' lang='grc'><strong>1</strong></span> <span class='ocrx_word' id='word_1_330' title='bbox 758 2481 805 2536; x_wconf 89' lang='lat' dir='ltr'><strong>lib.</strong></span> <span class='ocrx_word' id='word_1_331' title='bbox 818 2497 826 2536; x_wconf 95' lang='lat' dir='ltr'><strong>t</strong></span> <span class='ocrx_word' id='word_1_332' title='bbox 845 2478 910 2555; x_wconf 69' lang='lat' dir='ltr'><strong>:,Trt</strong></span> <span class='ocrx_word' id='word_1_333' title='bbox 928 2496 986 2535; x_wconf 87' lang='lat' dir='ltr'><strong>enm</strong></span> <span class='ocrx_word' id='word_1_334' title='bbox 1037 2480 1066 2527; x_wconf 75' lang='grc'><strong>111</strong></span> <span class='ocrx_word' id='word_1_335' title='bbox 1075 2483 1236 2531; x_wconf 71' lang='grc' dir='ltr'><strong>1111111111θὸ</strong></span> <span class='ocrx_word' id='word_1_336' title='bbox 1251 2474 1279 2529; x_wconf 81' lang='grc'><strong>111</strong></span> <span class='ocrx_word' id='word_1_337' title='bbox 1293 2474 1353 2544; x_wconf 75' lang='grc'><strong>11111</strong></span> <span class='ocrx_word' id='word_1_338' title='bbox 1365 2478 1496 2547; x_wconf 73' lang='grc'><strong>0111111111</strong></span> <span class='ocrx_word' id='word_1_339' title='bbox 1508 2481 1605 2545; x_wconf 69' lang='grc'><strong>11111111·</strong></span> <span class='ocrx_word' id='word_1_340' title='bbox 1618 2482 1657 2537; x_wconf 83' lang='grc' dir='ltr'><strong>111ἰ</strong></span> <span class='ocrx_word' id='word_1_341' title='bbox 1672 2481 1845 2551; x_wconf 68' lang='grc'><strong>1111101111,</strong></span> 
     </span>
     <span class='ocr_line' id='line_1_25' title="bbox 184 2567 1846 2649; baseline 0.002 -18"><span class='ocrx_word' id='word_1_342' title='bbox 184 2577 213 2632; x_wconf 88' lang='lat' dir='ltr'><strong>ia</strong></span> <span class='ocrx_word' id='word_1_343' title='bbox 223 2577 304 2633; x_wconf 85' lang='lat' dir='ltr'><strong>tribus</strong></span> <span class='ocrx_word' id='word_1_344' title='bbox 314 2592 367 2631; x_wconf 87' lang='lat' dir='ltr'><strong>una</strong></span> <span class='ocrx_word' id='word_1_345' title='bbox 380 2576 426 2644; x_wconf 85' lang='lat' dir='ltr'><strong>ris,</strong></span> <span class='ocrx_word' id='word_1_346' title='bbox 442 2576 514 2631; x_wconf 88' lang='lat' dir='ltr'><strong>nulle</strong></span> <span class='ocrx_word' id='word_1_347' title='bbox 531 2583 609 2649; x_wconf 83' lang='lat' dir='ltr'><strong>purte</strong></span> <span class='ocrx_word' id='word_1_348' title='bbox 621 2574 743 2629; x_wconf 79' lang='lat' dir='ltr'><strong>disiderii</strong></span> <span class='ocrx_word' id='word_1_349' title='bbox 756 2592 765 2629; x_wconf 95' lang='lat'><em>:</em></span> <span class='ocrx_word' id='word_1_350' title='bbox 778 2574 850 2630; x_wconf 85' lang='lat' dir='ltr'><strong>nullu</strong></span> <span class='ocrx_word' id='word_1_351' title='bbox 866 2573 986 2628; x_wconf 75' lang='lat' dir='ltr'><strong>bumana</strong></span> <span class='ocrx_word' id='word_1_352' title='bbox 1041 2567 1201 2624; x_wconf 82' lang='lat' dir='ltr'><strong>Eustatbins</strong></span> <span class='ocrx_word' id='word_1_353' title='bbox 1210 2572 1408 2638; x_wconf 73' lang='lat' dir='ltr'><strong>antioclienus,</strong></span> <span class='ocrx_word' id='word_1_354' title='bbox 1416 2570 1584 2644; x_wconf 78' lang='lat' dir='ltr'><strong>Apollinaris</strong></span> <span class='ocrx_word' id='word_1_355' title='bbox 1595 2574 1635 2649; x_wconf 85' lang='lat' dir='ltr'><strong>(ti</strong></span> <span class='ocrx_word' id='word_1_356' title='bbox 1646 2575 1700 2632; x_wconf 90' lang='lat' dir='ltr'><strong>duc</strong></span> <span class='ocrx_word' id='word_1_357' title='bbox 1711 2578 1846 2649; x_wconf 83' lang='lat' dir='ltr'><strong>postretni</strong></span> 
     </span>
     <span class='ocr_line' id='line_1_26' title="bbox 184 2661 1846 2741; baseline 0.002 -16"><span class='ocrx_word' id='word_1_358' title='bbox 184 2670 344 2725; x_wconf 80' lang='lat' dir='ltr'><strong>curiositatis</strong></span> <span class='ocrx_word' id='word_1_359' title='bbox 364 2668 493 2724; x_wconf 72' lang='lat' dir='ltr'><strong>cmumniu</strong></span> <span class='ocrx_word' id='word_1_360' title='bbox 514 2665 689 2723; x_wconf 80' lang='lat' dir='ltr'><strong>remunereris.</strong></span> <span class='ocrx_word' id='word_1_361' title='bbox 710 2666 732 2722; x_wconf 80' lang='lat' dir='ltr'><strong>b</strong></span> <span class='ocrx_word' id='word_1_362' title='bbox 750 2675 856 2739; x_wconf 85' lang='lat' dir='ltr'><strong>paterne</strong></span> <span class='ocrx_word' id='word_1_363' title='bbox 873 2665 944 2735; x_wconf 74' lang='lat' dir='ltr'><strong>[onte</strong></span> <span class='ocrx_word' id='word_1_364' title='bbox 958 2664 985 2718; x_wconf 90' lang='lat' dir='ltr'><strong>in</strong></span> <span class='ocrx_word' id='word_1_365' title='bbox 1035 2661 1252 2735; x_wconf 31' lang='lat' dir='ltr'><strong>acerrimi—inere</strong></span> <span class='ocrx_word' id='word_1_366' title='bbox 1265 2664 1429 2721; x_wconf 81' lang='lat' dir='ltr'><strong>briaitarum</strong></span> <span class='ocrx_word' id='word_1_367' title='bbox 1445 2667 1665 2741; x_wconf 85' lang='lat' dir='ltr'><strong>impugnatores)</strong></span> <span class='ocrx_word' id='word_1_368' title='bbox 1675 2670 1725 2741; x_wconf 86' lang='lat' dir='ltr'><strong>qui</strong></span> <span class='ocrx_word' id='word_1_369' title='bbox 1738 2672 1846 2741; x_wconf 80' lang='lat' dir='ltr'><strong>petuis-</strong></span> 
     </span>
     <span class='ocr_line' id='line_1_27' title="bbox 186 2755 1848 2835; baseline 0.003 -19"><span class='ocrx_word' id='word_1_370' title='bbox 186 2761 323 2819; x_wconf 79' lang='lat' dir='ltr'><strong>Filiotctn</strong></span> <span class='ocrx_word' id='word_1_371' title='bbox 337 2764 504 2835; x_wconf 71' lang='lat' dir='ltr'><strong>refunderis,</strong></span> <span class='ocrx_word' id='word_1_372' title='bbox 519 2773 544 2819; x_wconf 87' lang='lat' dir='ltr'><strong>et</strong></span> <span class='ocrx_word' id='word_1_373' title='bbox 559 2770 643 2817; x_wconf 84' lang='lat' dir='ltr'><strong>tantm</strong></span> <span class='ocrx_word' id='word_1_374' title='bbox 658 2770 711 2817; x_wconf 88' lang='lat' dir='ltr'><strong>tote</strong></span> <span class='ocrx_word' id='word_1_375' title='bbox 723 2759 765 2816; x_wconf 82' lang='lat' dir='ltr'><strong>ubi</strong></span> <span class='ocrx_word' id='word_1_376' title='bbox 778 2759 923 2831; x_wconf 71' lang='lat' dir='ltr'><strong>relatrderis</strong></span> <span class='ocrx_word' id='word_1_377' title='bbox 938 2774 984 2814; x_wconf 87' lang='lat' dir='ltr'><strong>nec</strong></span> <span class='ocrx_word' id='word_1_378' title='bbox 1036 2763 1112 2823; x_wconf 82' lang='lat' dir='ltr'><strong>serit,</strong></span> <span class='ocrx_word' id='word_1_379' title='bbox 1132 2755 1260 2827; x_wconf 87' lang='lat' dir='ltr'><strong>inquam,</strong></span> <span class='ocrx_word' id='word_1_380' title='bbox 1273 2756 1342 2811; x_wconf 90' lang='lat' dir='ltr'><strong>nibil</strong></span> <span class='ocrx_word' id='word_1_381' title='bbox 1356 2757 1489 2828; x_wconf 83' lang='lat' dir='ltr'><strong>ejusmodi</strong></span> <span class='ocrx_word' id='word_1_382' title='bbox 1505 2770 1612 2827; x_wconf 86' lang='lat' dir='ltr'><strong>notare,</strong></span> <span class='ocrx_word' id='word_1_383' title='bbox 1627 2763 1701 2833; x_wconf 91' lang='lat' dir='ltr'><strong>qnod</strong></span> <span class='ocrx_word' id='word_1_384' title='bbox 1721 2766 1748 2819; x_wconf 91' lang='lat' dir='ltr'><strong>in</strong></span> <span class='ocrx_word' id='word_1_385' title='bbox 1763 2764 1848 2821; x_wconf 78' lang='lat' dir='ltr'><strong>Aria·</strong></span> 
     </span>
     <span class='ocr_line' id='line_1_28' title="bbox 184 2849 1844 2929; baseline 0.003 -18"><span class='ocrx_word' id='word_1_386' title='bbox 184 2856 293 2911; x_wconf 83' lang='lat' dir='ltr'><strong>recedis.</strong></span> <span class='ocrx_word' id='word_1_387' title='bbox 324 2855 568 2926; x_wconf 62' lang='lat' dir='ltr'><strong>ffiaeoccnpaturns</strong></span> <span class='ocrx_word' id='word_1_388' title='bbox 592 2868 660 2911; x_wconf 79' lang='lat' dir='ltr'><strong>vere</strong></span> <span class='ocrx_word' id='word_1_389' title='bbox 683 2855 796 2909; x_wconf 88' lang='lat' dir='ltr'><strong>alteram</strong></span> <span class='ocrx_word' id='word_1_390' title='bbox 823 2852 984 2908; x_wconf 85' lang='lat' dir='ltr'><strong>brianonum</strong></span> <span class='ocrx_word' id='word_1_391' title='bbox 1036 2849 1119 2905; x_wconf 92' lang='lat' dir='ltr'><strong>nisnti</strong></span> <span class='ocrx_word' id='word_1_392' title='bbox 1132 2865 1243 2907; x_wconf 87' lang='lat' dir='ltr'><strong>errores</strong></span> <span class='ocrx_word' id='word_1_393' title='bbox 1257 2850 1425 2910; x_wconf 83' lang='lat' dir='ltr'><strong>deflecteret.</strong></span> <span class='ocrx_word' id='word_1_394' title='bbox 1441 2853 1526 2910; x_wconf 80' lang='lat' dir='ltr'><strong>illam</strong></span> <span class='ocrx_word' id='word_1_395' title='bbox 1543 2856 1648 2913; x_wconf 79' lang='lat' dir='ltr'><strong>mittitur</strong></span> <span class='ocrx_word' id='word_1_396' title='bbox 1664 2860 1844 2929; x_wconf 71' lang='lat' dir='ltr'><strong>ramebende·</strong></span> 
     </span>
     <span class='ocr_line' id='line_1_29' title="bbox 186 2943 1846 3026; baseline 0.002 -20"><span class='ocrx_word' id='word_1_397' title='bbox 186 2949 379 3022; x_wconf 77' lang='lat' dir='ltr'><strong>abiectionem,</strong></span> <span class='ocrx_word' id='word_1_398' title='bbox 395 2963 447 3019; x_wconf 91' lang='lat' dir='ltr'><strong>qna</strong></span> <span class='ocrx_word' id='word_1_399' title='bbox 466 2947 706 3005; x_wconf 78' lang='lat' dir='ltr'><strong>sabellianismum</strong></span> <span class='ocrx_word' id='word_1_400' title='bbox 727 2943 870 3002; x_wconf 82' lang='lat' dir='ltr'><strong>catholicis</strong></span> <span class='ocrx_word' id='word_1_401' title='bbox 887 2944 985 3015; x_wconf 88' lang='lat' dir='ltr'><strong>impin·</strong></span> <span class='ocrx_word' id='word_1_402' title='bbox 1036 2953 1108 3009; x_wconf 83' lang='lat' dir='ltr'><strong>narrt,</strong></span> <span class='ocrx_word' id='word_1_403' title='bbox 1122 2943 1354 3013; x_wconf 85' lang='lat' dir='ltr'><strong>inquitSecratcs,</strong></span> <span class='ocrx_word' id='word_1_404' title='bbox 1369 2948 1416 3003; x_wconf 87' lang='lat' dir='ltr'><strong>lib.</strong></span> <span class='ocrx_word' id='word_1_405' title='bbox 1430 2964 1469 3018; x_wconf 89' lang='lat' dir='ltr'><strong>m,</strong></span> <span class='ocrx_word' id='word_1_406' title='bbox 1485 2963 1546 3020; x_wconf 86' lang='lat' dir='ltr'><strong>cap.</strong></span> <span class='ocrx_word' id='word_1_407' title='bbox 1562 2950 1606 3015; x_wconf 77' lang='lat' dir='ltr'><strong>lb,</strong></span> <span class='ocrx_word' id='word_1_408' title='bbox 1624 2960 1755 3026; x_wconf 80' lang='lat' dir='ltr'><strong>inaquam</strong></span> <span class='ocrx_word' id='word_1_409' title='bbox 1764 2956 1798 3011; x_wconf 85' lang='lat' dir='ltr'><strong>de</strong></span> <span class='ocrx_word' id='word_1_410' title='bbox 1809 2955 1846 3012; x_wconf 83' lang='lat' dir='ltr'><strong>S.</strong></span> 
     </span>
     <span class='ocr_line' id='line_1_30' title="bbox 183 3035 1848 3117; baseline 0.002 -16"><span class='ocrx_word' id='word_1_411' title='bbox 183 3044 294 3117; x_wconf 88' lang='lat' dir='ltr'><strong>gebant,</strong></span> <span class='ocrx_word' id='word_1_412' title='bbox 310 3059 342 3101; x_wconf 88' lang='lat' dir='ltr'><strong>nc</strong></span> <span class='ocrx_word' id='word_1_413' title='bbox 355 3044 378 3099; x_wconf 92' lang='lat' dir='ltr'><strong>si</strong></span> <span class='ocrx_word' id='word_1_414' title='bbox 392 3058 476 3100; x_wconf 86' lang='lat' dir='ltr'><strong>urtam</strong></span> <span class='ocrx_word' id='word_1_415' title='bbox 489 3040 668 3099; x_wconf 80' lang='lat' dir='ltr'><strong>substantiam</strong></span> <span class='ocrx_word' id='word_1_416' title='bbox 684 3039 882 3097; x_wconf 80' lang='lat' dir='ltr'><strong>indeminutum</strong></span> <span class='ocrx_word' id='word_1_417' title='bbox 898 3036 984 3093; x_wconf 88' lang='lat' dir='ltr'><strong>conb-</strong></span> <span class='ocrx_word' id='word_1_418' title='bbox 1039 3035 1166 3092; x_wconf 81' lang='lat' dir='ltr'><strong>Trinitcte</strong></span> <span class='ocrx_word' id='word_1_419' title='bbox 1179 3037 1248 3094; x_wconf 82' lang='lat' dir='ltr'><strong>malt</strong></span> <span class='ocrx_word' id='word_1_420' title='bbox 1261 3038 1431 3108; x_wconf 75' lang='lat' dir='ltr'><strong>cernentem-,-</strong></span> <span class='ocrx_word' id='word_1_421' title='bbox 1453 3052 1597 3113; x_wconf 88' lang='lat' dir='ltr'><strong>propterca</strong></span> <span class='ocrx_word' id='word_1_422' title='bbox 1612 3044 1703 3117; x_wconf 91' lang='lat' dir='ltr'><strong>qnod,</strong></span> <span class='ocrx_word' id='word_1_423' title='bbox 1724 3055 1754 3103; x_wconf 89' lang='lat' dir='ltr'><strong>nt</strong></span> <span class='ocrx_word' id='word_1_424' title='bbox 1769 3047 1848 3105; x_wconf 87' lang='lat' dir='ltr'><strong>idem</strong></span> 
     </span>
     <span class='ocr_line' id='line_1_31' title="bbox 184 3131 1849 3207; baseline 0.002 -14"><span class='ocrx_word' id='word_1_425' title='bbox 184 3145 275 3195; x_wconf 86' lang='lat' dir='ltr'><strong>tentes</strong></span> <span class='ocrx_word' id='word_1_426' title='bbox 288 3136 376 3193; x_wconf 86' lang='lat' dir='ltr'><strong>Patris</strong></span> <span class='ocrx_word' id='word_1_427' title='bbox 387 3146 414 3193; x_wconf 88' lang='lat' dir='ltr'><strong>et</strong></span> <span class='ocrx_word' id='word_1_428' title='bbox 428 3136 500 3204; x_wconf 79' lang='lat' dir='ltr'><strong>Filii,</strong></span> <span class='ocrx_word' id='word_1_429' title='bbox 515 3150 596 3193; x_wconf 92' lang='lat' dir='ltr'><strong>unam</strong></span> <span class='ocrx_word' id='word_1_430' title='bbox 613 3135 677 3192; x_wconf 92' lang='lat' dir='ltr'><strong>itent</strong></span> <span class='ocrx_word' id='word_1_431' title='bbox 693 3146 871 3201; x_wconf 87' lang='lat' dir='ltr'><strong>utrarumque</strong></span> <span class='ocrx_word' id='word_1_432' title='bbox 887 3146 983 3203; x_wconf 86' lang='lat' dir='ltr'><strong>perso·</strong></span> <span class='ocrx_word' id='word_1_433' title='bbox 1036 3131 1075 3189; x_wconf 90' lang='lat' dir='ltr'><strong>ait</strong></span> <span class='ocrx_word' id='word_1_434' title='bbox 1088 3133 1135 3188; x_wconf 92' lang='lat' dir='ltr'><strong>lib.</strong></span> <span class='ocrx_word' id='word_1_435' title='bbox 1151 3149 1198 3201; x_wconf 87' lang='grc' dir='ltr'>ιιι,</span> <span class='ocrx_word' id='word_1_436' title='bbox 1215 3148 1276 3205; x_wconf 88' lang='lat' dir='ltr'><strong>cap.</strong></span> <span class='ocrx_word' id='word_1_437' title='bbox 1296 3134 1472 3207; x_wconf 65' lang='lat' dir='ltr'><strong>derigentes</strong></span> <span class='ocrx_word' id='word_1_438' title='bbox 1489 3140 1586 3207; x_wconf 79' lang='lat' dir='ltr'><strong>panim</strong></span> <span class='ocrx_word' id='word_1_439' title='bbox 1604 3140 1633 3194; x_wconf 85' lang='lat' dir='ltr'><strong>in</strong></span> <span class='ocrx_word' id='word_1_440' title='bbox 1644 3141 1782 3198; x_wconf 82' lang='lat' dir='ltr'><strong>saisliltria</strong></span> <span class='ocrx_word' id='word_1_441' title='bbox 1795 3140 1849 3199; x_wconf 79' lang='lat' dir='ltr'><strong>Fi-</strong></span> 
     </span>
     <span class='ocr_line' id='line_1_32' title="bbox 115 3209 1849 3307; baseline 0.005 -21"><span class='ocrx_word' id='word_1_442' title='bbox 115 3269 118 3275; x_wconf 71' lang='grc'><em>.</em></span> <span class='ocrx_word' id='word_1_443' title='bbox 184 3244 248 3286; x_wconf 91' lang='lat' dir='ltr'><strong>nam</strong></span> <span class='ocrx_word' id='word_1_444' title='bbox 268 3229 346 3286; x_wconf 90' lang='lat' dir='ltr'><strong>lateri</strong></span> <span class='ocrx_word' id='word_1_445' title='bbox 360 3228 514 3296; x_wconf 87' lang='lat' dir='ltr'><strong>deberent,</strong></span> <span class='ocrx_word' id='word_1_446' title='bbox 537 3228 667 3300; x_wconf 80' lang='lat' dir='ltr'><strong>praeclare</strong></span> <span class='ocrx_word' id='word_1_447' title='bbox 682 3227 812 3285; x_wconf 84' lang='lat' dir='ltr'><strong>aduersus</strong></span> <span class='ocrx_word' id='word_1_448' title='bbox 834 3224 983 3285; x_wconf 83' lang='lat' dir='ltr'><strong>sabellium</strong></span> <span class='ocrx_word' id='word_1_449' title='bbox 999 3209 1103 3282; x_wconf 74' lang='lat' dir='ltr'><strong>Clitum</strong></span> <span class='ocrx_word' id='word_1_450' title='bbox 1125 3225 1198 3281; x_wconf 79' lang='lat' dir='ltr'><strong>Pmri</strong></span> <span class='ocrx_word' id='word_1_451' title='bbox 1219 3236 1375 3283; x_wconf 72' lang='lat' dir='ltr'><strong>cauteriem</strong></span> <span class='ocrx_word' id='word_1_452' title='bbox 1393 3231 1542 3299; x_wconf 70' lang='lat' dir='ltr'><strong>confitetur.</strong></span> <span class='ocrx_word' id='word_1_453' title='bbox 1566 3232 1638 3301; x_wconf 84' lang='lat' dir='ltr'><strong>Quid</strong></span> <span class='ocrx_word' id='word_1_454' title='bbox 1660 3234 1685 3291; x_wconf 91' lang='lat' dir='ltr'><strong>si</strong></span> <span class='ocrx_word' id='word_1_455' title='bbox 1710 3235 1849 3307; x_wconf 73' lang='lat' dir='ltr'><strong>origenes</strong></span> 
     </span>
     <span class='ocr_line' id='line_1_33' title="bbox 184 3318 1848 3399; baseline 0.001 -16"><span class='ocrx_word' id='word_1_456' title='bbox 184 3340 246 3383; x_wconf 87' lang='lat' dir='ltr'><strong>sese</strong></span> <span class='ocrx_word' id='word_1_457' title='bbox 259 3325 404 3396; x_wconf 85' lang='lat' dir='ltr'><strong>explicarit</strong></span> <span class='ocrx_word' id='word_1_458' title='bbox 418 3333 498 3380; x_wconf 89' lang='lat' dir='ltr'><strong>trnet.</strong></span> <span class='ocrx_word' id='word_1_459' title='bbox 516 3325 532 3379; x_wconf 87' lang='grc'><strong>7</strong></span> <span class='ocrx_word' id='word_1_460' title='bbox 553 3321 600 3378; x_wconf 87' lang='lat' dir='ltr'><strong>lib.</strong></span> <span class='ocrx_word' id='word_1_461' title='bbox 617 3338 647 3389; x_wconf 91' lang='lat' dir='ltr'><strong>tt,</strong></span> <span class='ocrx_word' id='word_1_462' title='bbox 663 3338 737 3377; x_wconf 92' lang='lat' dir='ltr'><strong>num.</strong></span> <span class='ocrx_word' id='word_1_463' title='bbox 751 3321 779 3389; x_wconf 87' lang='grc'><strong>9,</strong></span> <span class='ocrx_word' id='word_1_464' title='bbox 801 3320 846 3377; x_wconf 89' lang='lat' dir='ltr'><strong>ubi</strong></span> <span class='ocrx_word' id='word_1_465' title='bbox 863 3328 924 3391; x_wconf 89' lang='lat' dir='ltr'><strong>post</strong></span> <span class='ocrx_word' id='word_1_466' title='bbox 948 3318 986 3374; x_wconf 86' lang='lat' dir='ltr'><strong>al·</strong></span> <span class='ocrx_word' id='word_1_467' title='bbox 1038 3319 1220 3377; x_wconf 77' lang='lat' dir='ltr'><strong>arianismum</strong></span> <span class='ocrx_word' id='word_1_468' title='bbox 1231 3320 1338 3377; x_wconf 81' lang='lat' dir='ltr'><strong>deecit?</strong></span> <span class='ocrx_word' id='word_1_469' title='bbox 1350 3320 1446 3379; x_wconf 65' lang='lat' dir='ltr'><strong>baetim</strong></span> <span class='ocrx_word' id='word_1_470' title='bbox 1460 3323 1588 3382; x_wconf 83' lang='lat' dir='ltr'><strong>Euandrii</strong></span> <span class='ocrx_word' id='word_1_471' title='bbox 1600 3335 1753 3399; x_wconf 83' lang='lat' dir='ltr'><strong>preceptor</strong></span> <span class='ocrx_word' id='word_1_472' title='bbox 1763 3328 1848 3386; x_wconf 78' lang='lat' dir='ltr'><strong>Aria-</strong></span> 
     </span>
     <span class='ocr_line' id='line_1_34' title="bbox 183 3411 1848 3489; baseline -0.001 -12"><span class='ocrx_word' id='word_1_473' title='bbox 183 3420 268 3477; x_wconf 80' lang='lat' dir='ltr'><strong>latnttt</strong></span> <span class='ocrx_word' id='word_1_474' title='bbox 286 3420 374 3477; x_wconf 90' lang='lat' dir='ltr'><strong>lucum</strong></span> <span class='ocrx_word' id='word_1_475' title='bbox 391 3417 505 3475; x_wconf 81' lang='lat' dir='ltr'><strong>ioannis</strong></span> <span class='ocrx_word' id='word_1_476' title='bbox 522 3433 550 3485; x_wconf 87' lang='lat' dir='ltr'><strong>tt,</strong></span> <span class='ocrx_word' id='word_1_477' title='bbox 570 3416 623 3474; x_wconf 73' lang='lat' dir='ltr'><strong>bo:</strong></span> <span class='ocrx_word' id='word_1_478' title='bbox 642 3414 699 3488; x_wconf 79' lang='lat' dir='ltr'><strong>Ego</strong></span> <span class='ocrx_word' id='word_1_479' title='bbox 712 3424 737 3471; x_wconf 86' lang='lat' dir='ltr'><strong>et</strong></span> <span class='ocrx_word' id='word_1_480' title='bbox 748 3414 828 3470; x_wconf 85' lang='lat' dir='ltr'><strong>Pater</strong></span> <span class='ocrx_word' id='word_1_481' title='bbox 843 3430 922 3469; x_wconf 86' lang='lat' dir='ltr'><strong>unam</strong></span> <span class='ocrx_word' id='word_1_482' title='bbox 937 3428 984 3467; x_wconf 83' lang='lat' dir='ltr'><strong>aa·</strong></span> <span class='ocrx_word' id='word_1_483' title='bbox 1037 3426 1135 3467; x_wconf 88' lang='lat' dir='ltr'><strong>tterttrn</strong></span> <span class='ocrx_word' id='word_1_484' title='bbox 1147 3411 1332 3473; x_wconf 74' lang='lat' dir='ltr'><strong>ferocissimus</strong></span> <span class='ocrx_word' id='word_1_485' title='bbox 1347 3414 1421 3469; x_wconf 87' lang='lat' dir='ltr'><strong>ittam</strong></span> <span class='ocrx_word' id='word_1_486' title='bbox 1436 3421 1611 3489; x_wconf 82' lang='lat' dir='ltr'><strong>ceratempsit,</strong></span> <span class='ocrx_word' id='word_1_487' title='bbox 1623 3418 1720 3475; x_wconf 87' lang='lat' dir='ltr'><strong>cedem</strong></span> <span class='ocrx_word' id='word_1_488' title='bbox 1730 3422 1848 3481; x_wconf 78' lang='lat' dir='ltr'><strong>Socrate</strong></span> 
     </span>
     <span class='ocr_line' id='line_1_35' title="bbox 183 3505 1844 3584; baseline -0.001 -13"><span class='ocrx_word' id='word_1_489' title='bbox 183 3532 251 3583; x_wconf 87' lang='lat' dir='ltr'><strong>mat,</strong></span> <span class='ocrx_word' id='word_1_490' title='bbox 267 3514 326 3571; x_wconf 78' lang='lat' dir='ltr'><strong>ltree</strong></span> <span class='ocrx_word' id='word_1_491' title='bbox 339 3514 413 3569; x_wconf 87' lang='lat' dir='ltr'><strong>addit</strong></span> <span class='ocrx_word' id='word_1_492' title='bbox 430 3532 438 3570; x_wconf 81' lang='lat' dir='ltr'><strong>c</strong></span> <span class='ocrx_word' id='word_1_493' title='bbox 455 3512 595 3581; x_wconf 84' lang='lat' dir='ltr'><strong>Quodnam</strong></span> <span class='ocrx_word' id='word_1_494' title='bbox 610 3512 697 3582; x_wconf 84' lang='lat' dir='ltr'><strong>ntique</strong></span> <span class='ocrx_word' id='word_1_495' title='bbox 707 3510 745 3568; x_wconf 86' lang='lat' dir='ltr'><strong>at&#39;c</strong></span> <span class='ocrx_word' id='word_1_496' title='bbox 759 3512 810 3575; x_wconf 90' lang='lat' dir='ltr'><strong>nit,</strong></span> <span class='ocrx_word' id='word_1_497' title='bbox 824 3520 852 3565; x_wconf 89' lang='lat' dir='ltr'><strong>ut</strong></span> <span class='ocrx_word' id='word_1_498' title='bbox 866 3510 893 3564; x_wconf 88' lang='lat' dir='ltr'><strong>in</strong></span> <span class='ocrx_word' id='word_1_499' title='bbox 905 3525 986 3564; x_wconf 83' lang='lat' dir='ltr'><strong>auant</strong></span> <span class='ocrx_word' id='word_1_500' title='bbox 1038 3515 1118 3569; x_wconf 89' lang='lat' dir='ltr'><strong>teste,</strong></span> <span class='ocrx_word' id='word_1_501' title='bbox 1128 3506 1174 3561; x_wconf 89' lang='lat' dir='ltr'><strong>tib.</strong></span> <span class='ocrx_word' id='word_1_502' title='bbox 1191 3520 1221 3573; x_wconf 91' lang='lat' dir='ltr'><strong>tt,</strong></span> <span class='ocrx_word' id='word_1_503' title='bbox 1237 3519 1297 3575; x_wconf 74' lang='lat' dir='ltr'><strong>cnop.</strong></span> <span class='ocrx_word' id='word_1_504' title='bbox 1308 3505 1354 3561; x_wconf 76' lang='lat'><strong>35.</strong></span> <span class='ocrx_word' id='word_1_505' title='bbox 1368 3507 1446 3577; x_wconf 84' lang='lat' dir='ltr'><strong>Quod</strong></span> <span class='ocrx_word' id='word_1_506' title='bbox 1461 3509 1484 3565; x_wconf 85' lang='lat' dir='ltr'><strong>si</strong></span> <span class='ocrx_word' id='word_1_507' title='bbox 1499 3526 1532 3565; x_wconf 80' lang='lat' dir='ltr'><strong>ex</strong></span> <span class='ocrx_word' id='word_1_508' title='bbox 1547 3510 1655 3567; x_wconf 73' lang='lat' dir='ltr'><strong>Arianis</strong></span> <span class='ocrx_word' id='word_1_509' title='bbox 1668 3512 1716 3567; x_wconf 90' lang='lat' dir='ltr'><strong>alii</strong></span> <span class='ocrx_word' id='word_1_510' title='bbox 1731 3514 1793 3584; x_wconf 75' lang='lat' dir='ltr'><strong>cios</strong></span> <span class='ocrx_word' id='word_1_511' title='bbox 1806 3516 1844 3569; x_wconf 88' lang='lat' dir='ltr'><strong>ti-</strong></span> 
     </span>
     <span class='ocr_line' id='line_1_36' title="bbox 183 3599 1845 3679; baseline 0.003 -18"><span class='ocrx_word' id='word_1_512' title='bbox 183 3606 249 3661; x_wconf 86' lang='lat' dir='ltr'><strong>duot</strong></span> <span class='ocrx_word' id='word_1_513' title='bbox 267 3604 406 3679; x_wconf 80' lang='lat' dir='ltr'><strong>redigendo</strong></span> <span class='ocrx_word' id='word_1_514' title='bbox 423 3606 592 3675; x_wconf 73' lang='lat' dir='ltr'><strong>confunderet</strong></span> <span class='ocrx_word' id='word_1_515' title='bbox 603 3646 612 3673; x_wconf 92' lang='lat'><strong>,</strong></span> <span class='ocrx_word' id='word_1_516' title='bbox 625 3602 670 3659; x_wconf 84' lang='lat' dir='ltr'><strong>sed</strong></span> <span class='ocrx_word' id='word_1_517' title='bbox 685 3614 711 3659; x_wconf 87' lang='lat' dir='ltr'><strong>ut</strong></span> <span class='ocrx_word' id='word_1_518' title='bbox 725 3602 838 3659; x_wconf 85' lang='lat' dir='ltr'><strong>ducrum</strong></span> <span class='ocrx_word' id='word_1_519' title='bbox 853 3619 933 3659; x_wconf 87' lang='lat' dir='ltr'><strong>unum</strong></span> <span class='ocrx_word' id='word_1_520' title='bbox 946 3602 987 3657; x_wconf 83' lang='lat' dir='ltr'><strong>‹tt-</strong></span> <span class='ocrx_word' id='word_1_521' title='bbox 1037 3599 1103 3656; x_wconf 89' lang='lat' dir='ltr'><strong>bres</strong></span> <span class='ocrx_word' id='word_1_522' title='bbox 1116 3601 1150 3655; x_wconf 92' lang='lat' dir='ltr'><strong>ad</strong></span> <span class='ocrx_word' id='word_1_523' title='bbox 1166 3615 1224 3657; x_wconf 73' lang='lat' dir='ltr'><strong>susc</strong></span> <span class='ocrx_word' id='word_1_524' title='bbox 1238 3601 1351 3659; x_wconf 83' lang='lat' dir='ltr'><strong>lucrosis</strong></span> <span class='ocrx_word' id='word_1_525' title='bbox 1364 3642 1373 3670; x_wconf 96' lang='lat'><strong>,</strong></span> <span class='ocrx_word' id='word_1_526' title='bbox 1388 3604 1426 3659; x_wconf 92' lang='lat' dir='ltr'><strong>uti</strong></span> <span class='ocrx_word' id='word_1_527' title='bbox 1443 3606 1589 3675; x_wconf 85' lang='lat' dir='ltr'><strong>putabant,</strong></span> <span class='ocrx_word' id='word_1_528' title='bbox 1603 3608 1845 3665; x_wconf 84' lang='lat' dir='ltr'><strong>entilirurationcm</strong></span> 
     </span>
     <span class='ocr_line' id='line_1_37' title="bbox 183 3693 1848 3775; baseline 0.004 -22"><span class='ocrx_word' id='word_1_529' title='bbox 183 3698 299 3754; x_wconf 81' lang='lat' dir='ltr'><strong>vinitatis</strong></span> <span class='ocrx_word' id='word_1_530' title='bbox 310 3698 492 3769; x_wconf 77' lang='lat' dir='ltr'><strong>permittitque</strong></span> <span class='ocrx_word' id='word_1_531' title='bbox 513 3712 567 3751; x_wconf 85' lang='lat' dir='ltr'><strong>csse</strong></span> <span class='ocrx_word' id='word_1_532' title='bbox 580 3696 793 3765; x_wconf 80' lang='lat' dir='ltr'><strong>omnipotentiam</strong></span> <span class='ocrx_word' id='word_1_533' title='bbox 806 3710 852 3749; x_wconf 86' lang='lat' dir='ltr'><strong>nas</strong></span> <span class='ocrx_word' id='word_1_534' title='bbox 872 3695 984 3749; x_wconf 77' lang='lat' dir='ltr'><strong>ducaei.</strong></span> <span class='ocrx_word' id='word_1_535' title='bbox 1038 3693 1157 3761; x_wconf 88' lang='lat' dir='ltr'><strong>allegare</strong></span> <span class='ocrx_word' id='word_1_536' title='bbox 1169 3695 1260 3750; x_wconf 83' lang='lat' dir='ltr'><strong>cetrati</strong></span> <span class='ocrx_word' id='word_1_537' title='bbox 1273 3704 1338 3751; x_wconf 88' lang='lat' dir='ltr'><strong>sutrt</strong></span> <span class='ocrx_word' id='word_1_538' title='bbox 1352 3736 1360 3762; x_wconf 94' lang='lat'><strong>,</strong></span> <span class='ocrx_word' id='word_1_539' title='bbox 1377 3695 1438 3753; x_wconf 90' lang='lat' dir='ltr'><strong>illos</strong></span> <span class='ocrx_word' id='word_1_540' title='bbox 1457 3700 1550 3754; x_wconf 88' lang='lat' dir='ltr'><strong>statim</strong></span> <span class='ocrx_word' id='word_1_541' title='bbox 1565 3699 1681 3757; x_wconf 78' lang='lat' dir='ltr'><strong>Basilius</strong></span> <span class='ocrx_word' id='word_1_542' title='bbox 1695 3710 1724 3757; x_wconf 86' lang='lat' dir='ltr'><strong>et</strong></span> <span class='ocrx_word' id='word_1_543' title='bbox 1736 3701 1848 3775; x_wconf 82' lang='lat' dir='ltr'><strong>Grego-</strong></span> 
     </span>
     <span class='ocr_line' id='line_1_38' title="bbox 185 3785 1843 3868; baseline 0.003 -19"><span class='ocrx_word' id='word_1_544' title='bbox 185 3791 234 3849; x_wconf 78' lang='lat' dir='ltr'><strong>lice</strong></span> <span class='ocrx_word' id='word_1_545' title='bbox 250 3798 280 3848; x_wconf 85' lang='lat' dir='ltr'><strong>et</strong></span> <span class='ocrx_word' id='word_1_546' title='bbox 292 3790 352 3847; x_wconf 82' lang='lat' dir='ltr'><strong>alie</strong></span> <span class='ocrx_word' id='word_1_547' title='bbox 375 3789 468 3860; x_wconf 87' lang='lat' dir='ltr'><strong>plnres</strong></span> <span class='ocrx_word' id='word_1_548' title='bbox 486 3785 609 3860; x_wconf 82' lang='lat' dir='ltr'><strong>ejusdem</strong></span> <span class='ocrx_word' id='word_1_549' title='bbox 623 3786 733 3859; x_wconf 86' lang='lat' dir='ltr'><strong>generis</strong></span> <span class='ocrx_word' id='word_1_550' title='bbox 747 3786 871 3846; x_wconf 80' lang='lat' dir='ltr'><strong>termulae</strong></span> <span class='ocrx_word' id='word_1_551' title='bbox 886 3827 894 3851; x_wconf 93' lang='lat'><strong>,</strong></span> <span class='ocrx_word' id='word_1_552' title='bbox 917 3798 987 3856; x_wconf 86' lang='lat' dir='ltr'><strong>quas</strong></span> <span class='ocrx_word' id='word_1_553' title='bbox 1037 3788 1095 3843; x_wconf 88' lang='lat' dir='ltr'><strong>rins</strong></span> <span class='ocrx_word' id='word_1_554' title='bbox 1106 3786 1291 3868; x_wconf 66' lang='lat' dir='ltr'><strong>dormitamus</strong></span> <span class='ocrx_word' id='word_1_555' title='bbox 1305 3790 1504 3862; x_wconf 76' lang='lat' dir='ltr'><strong>redarguerunt,</strong></span> <span class='ocrx_word' id='word_1_556' title='bbox 1521 3792 1609 3864; x_wconf 90' lang='lat' dir='ltr'><strong>inqnit</strong></span> <span class='ocrx_word' id='word_1_557' title='bbox 1622 3793 1694 3851; x_wconf 87' lang='lat' dir='ltr'><strong>idern</strong></span> <span class='ocrx_word' id='word_1_558' title='bbox 1709 3794 1843 3855; x_wconf 58' lang='lat' dir='ltr'><strong>mutes</strong></span> 
     </span>
     <span class='ocr_line' id='line_1_39' title="bbox 183 3878 1848 3957; baseline 0 -13"><span class='ocrx_word' id='word_1_559' title='bbox 183 3885 325 3944; x_wconf 80' lang='lat' dir='ltr'><strong>breuitatis</strong></span> <span class='ocrx_word' id='word_1_560' title='bbox 334 3885 420 3955; x_wconf 89' lang='lat' dir='ltr'><strong>gratia</strong></span> <span class='ocrx_word' id='word_1_561' title='bbox 432 3880 676 3953; x_wconf 76' lang='lat' dir='ltr'><strong>praetermittimus,</strong></span> <span class='ocrx_word' id='word_1_562' title='bbox 690 3880 865 3950; x_wconf 81' lang='lat' dir='ltr'><strong>pluribusque</strong></span> <span class='ocrx_word' id='word_1_563' title='bbox 875 3879 902 3935; x_wconf 90' lang='lat' dir='ltr'><strong>in</strong></span> <span class='ocrx_word' id='word_1_564' title='bbox 914 3888 986 3935; x_wconf 90' lang='lat' dir='ltr'><strong>trae·</strong></span> <span class='ocrx_word' id='word_1_565' title='bbox 1037 3878 1088 3935; x_wconf 87' lang='lat' dir='ltr'><strong>tib.</strong></span> <span class='ocrx_word' id='word_1_566' title='bbox 1098 3896 1137 3947; x_wconf 85' lang='lat' dir='ltr'><strong>tr,</strong></span> <span class='ocrx_word' id='word_1_567' title='bbox 1156 3894 1218 3950; x_wconf 67' lang='lat' dir='ltr'><strong>cap·</strong></span> <span class='ocrx_word' id='word_1_568' title='bbox 1233 3881 1281 3948; x_wconf 88' lang='grc'><strong>16,</strong></span> <span class='ocrx_word' id='word_1_569' title='bbox 1291 3891 1316 3937; x_wconf 85' lang='lat' dir='ltr'><strong>rt</strong></span> <span class='ocrx_word' id='word_1_570' title='bbox 1328 3881 1452 3955; x_wconf 80' lang='lat' dir='ltr'><strong>oriqenis</strong></span> <span class='ocrx_word' id='word_1_571' title='bbox 1466 3883 1613 3940; x_wconf 85' lang='lat' dir='ltr'><strong>doctrinam</strong></span> <span class='ocrx_word' id='word_1_572' title='bbox 1625 3887 1658 3941; x_wconf 87' lang='lat' dir='ltr'><strong>ab</strong></span> <span class='ocrx_word' id='word_1_573' title='bbox 1668 3886 1732 3956; x_wconf 84' lang='lat' dir='ltr'><strong>ipsis</strong></span> <span class='ocrx_word' id='word_1_574' title='bbox 1745 3905 1848 3957; x_wconf 76' lang='lat' dir='ltr'><strong>nequa·</strong></span> 
     </span>
     <span class='ocr_line' id='line_1_40' title="bbox 185 3972 1848 4046; baseline 0.003 -12"><span class='ocrx_word' id='word_1_575' title='bbox 185 3978 287 4035; x_wconf 87' lang='lat' dir='ltr'><strong>tatibus</strong></span> <span class='ocrx_word' id='word_1_576' title='bbox 301 3975 432 4033; x_wconf 82' lang='lat' dir='ltr'><strong>adversus</strong></span> <span class='ocrx_word' id='word_1_577' title='bbox 451 3976 568 4031; x_wconf 79' lang='lat' dir='ltr'><strong>Arianos</strong></span> <span class='ocrx_word' id='word_1_578' title='bbox 583 3989 616 4029; x_wconf 84' lang='lat' dir='ltr'><strong>cx</strong></span> <span class='ocrx_word' id='word_1_579' title='bbox 633 3972 773 4044; x_wconf 88' lang='lat' dir='ltr'><strong>preposita</strong></span> <span class='ocrx_word' id='word_1_580' title='bbox 793 3972 937 4037; x_wconf 87' lang='lat' dir='ltr'><strong>recitatis,</strong></span> <span class='ocrx_word' id='word_1_581' title='bbox 953 3986 985 4027; x_wconf 91' lang='lat' dir='ltr'><strong>ae</strong></span> <span class='ocrx_word' id='word_1_582' title='bbox 1036 3989 1115 4046; x_wconf 86' lang='lat' dir='ltr'><strong>qaum</strong></span> <span class='ocrx_word' id='word_1_583' title='bbox 1149 3973 1260 4044; x_wconf 75' lang='lat' dir='ltr'><strong>intelligi</strong></span> <span class='ocrx_word' id='word_1_584' title='bbox 1281 3974 1500 4032; x_wconf 78' lang='lat' dir='ltr'><strong>demonstrarunt.</strong></span> <span class='ocrx_word' id='word_1_585' title='bbox 1535 3977 1593 4035; x_wconf 83' lang='lat' dir='ltr'><strong>lnce</strong></span> <span class='ocrx_word' id='word_1_586' title='bbox 1625 3978 1792 4037; x_wconf 85' lang='lat' dir='ltr'><strong>btbanasius</strong></span> <span class='ocrx_word' id='word_1_587' title='bbox 1816 3982 1848 4039; x_wconf 89' lang='lat' dir='ltr'><strong>in</strong></span> 
     </span>
     <span class='ocr_line' id='line_1_41' title="bbox 184 4064 1847 4145; baseline 0.002 -18"><span class='ocrx_word' id='word_1_588' title='bbox 184 4071 212 4128; x_wconf 94' lang='lat' dir='ltr'><strong>in</strong></span> <span class='ocrx_word' id='word_1_589' title='bbox 228 4071 327 4128; x_wconf 89' lang='lat' dir='ltr'><strong>librum</strong></span> <span class='ocrx_word' id='word_1_590' title='bbox 342 4068 491 4126; x_wconf 91' lang='lat' dir='ltr'><strong>secundnm</strong></span> <span class='ocrx_word' id='word_1_591' title='bbox 518 4067 604 4125; x_wconf 81' lang='lat' dir='ltr'><strong>lernae</strong></span> <span class='ocrx_word' id='word_1_592' title='bbox 617 4065 697 4123; x_wconf 89' lang='lat' dir='ltr'><strong>simul</strong></span> <span class='ocrx_word' id='word_1_593' title='bbox 715 4065 795 4122; x_wconf 86' lang='lat' dir='ltr'><strong>editis</strong></span> <span class='ocrx_word' id='word_1_594' title='bbox 810 4064 984 4135; x_wconf 83' lang='lat' dir='ltr'><strong>reperiuntur</strong></span> <span class='ocrx_word' id='word_1_595' title='bbox 1036 4070 1118 4139; x_wconf 81' lang='lat' dir='ltr'><strong>epist.</strong></span> <span class='ocrx_word' id='word_1_596' title='bbox 1134 4068 1170 4125; x_wconf 91' lang='lat' dir='ltr'><strong>do</strong></span> <span class='ocrx_word' id='word_1_597' title='bbox 1185 4069 1307 4126; x_wconf 82' lang='lat' dir='ltr'><strong>Decretis</strong></span> <span class='ocrx_word' id='word_1_598' title='bbox 1320 4070 1440 4127; x_wconf 85' lang='lat' dir='ltr'><strong>Nicncnis</strong></span> <span class='ocrx_word' id='word_1_599' title='bbox 1454 4087 1528 4127; x_wconf 92' lang='lat' dir='ltr'><strong>nutn.</strong></span> <span class='ocrx_word' id='word_1_600' title='bbox 1543 4072 1591 4139; x_wconf 83' lang='grc'><strong>17,</strong></span> <span class='ocrx_word' id='word_1_601' title='bbox 1608 4086 1669 4145; x_wconf 88' lang='lat' dir='ltr'><strong>pag.</strong></span> <span class='ocrx_word' id='word_1_602' title='bbox 1692 4072 1758 4142; x_wconf 73' lang='grc'><strong>151,</strong></span> <span class='ocrx_word' id='word_1_603' title='bbox 1775 4073 1847 4132; x_wconf 83' lang='grc' dir='ltr'><strong>0ιί-</strong></span> 
     </span>
     <span class='ocr_line' id='line_1_42' title="bbox 185 4158 1848 4242; baseline 0.003 -23"><span class='ocrx_word' id='word_1_604' title='bbox 185 4163 430 4236; x_wconf 76' lang='lat' dir='ltr'><strong>iretpnetttissimae,</strong></span> <span class='ocrx_word' id='word_1_605' title='bbox 449 4178 542 4219; x_wconf 86' lang='lat' dir='ltr'><strong>nenne</strong></span> <span class='ocrx_word' id='word_1_606' title='bbox 559 4159 701 4217; x_wconf 79' lang='lat' dir='ltr'><strong>manifeste</strong></span> <span class='ocrx_word' id='word_1_607' title='bbox 729 4158 893 4217; x_wconf 83' lang='lat' dir='ltr'><strong>contineant</strong></span> <span class='ocrx_word' id='word_1_608' title='bbox 921 4172 986 4213; x_wconf 91' lang='lat' dir='ltr'><strong>nes·</strong></span> <span class='ocrx_word' id='word_1_609' title='bbox 1036 4176 1133 4233; x_wconf 90' lang='lat' dir='ltr'><strong>genem</strong></span> <span class='ocrx_word' id='word_1_610' title='bbox 1148 4176 1197 4233; x_wconf 88' lang='lat' dir='ltr'><strong>pre</strong></span> <span class='ocrx_word' id='word_1_611' title='bbox 1212 4162 1457 4242; x_wconf 85' lang='lat' dir='ltr'><strong>seappellarenun</strong></span> <span class='ocrx_word' id='word_1_612' title='bbox 1471 4163 1605 4220; x_wconf 85' lang='lat' dir='ltr'><strong>dubitarit</strong></span> <span class='ocrx_word' id='word_1_613' title='bbox 1620 4163 1754 4222; x_wconf 85' lang='lat' dir='ltr'><strong>aduersus</strong></span> <span class='ocrx_word' id='word_1_614' title='bbox 1761 4167 1848 4223; x_wconf 77' lang='lat' dir='ltr'><strong>bria-</strong></span> 
     </span>
     <span class='ocr_line' id='line_1_43' title="bbox 186 4254 1845 4339; baseline 0.001 -25"><span class='ocrx_word' id='word_1_615' title='bbox 186 4266 257 4317; x_wconf 90' lang='lat' dir='ltr'><strong>trum</strong></span> <span class='ocrx_word' id='word_1_616' title='bbox 281 4259 427 4316; x_wconf 77' lang='lat' dir='ltr'><strong>bucmrcm</strong></span> <span class='ocrx_word' id='word_1_617' title='bbox 451 4264 617 4329; x_wconf 84' lang='lat' dir='ltr'><strong>postumam</strong></span> <span class='ocrx_word' id='word_1_618' title='bbox 640 4256 697 4313; x_wconf 83' lang='lat' dir='ltr'><strong>bril</strong></span> <span class='ocrx_word' id='word_1_619' title='bbox 716 4255 843 4311; x_wconf 77' lang='lat' dir='ltr'><strong>berosino</strong></span> <span class='ocrx_word' id='word_1_620' title='bbox 864 4254 985 4311; x_wconf 83' lang='lat' dir='ltr'><strong>uixisse?</strong></span> <span class='ocrx_word' id='word_1_621' title='bbox 1037 4268 1088 4311; x_wconf 90' lang='lat' dir='ltr'><strong>nos</strong></span> <span class='ocrx_word' id='word_1_622' title='bbox 1102 4254 1280 4339; x_wconf 77' lang='lat' dir='ltr'><strong>sentientem,</strong></span> <span class='ocrx_word' id='word_1_623' title='bbox 1303 4255 1449 4329; x_wconf 90' lang='lat' dir='ltr'><strong>locumque</strong></span> <span class='ocrx_word' id='word_1_624' title='bbox 1473 4254 1533 4327; x_wconf 81' lang='lat' dir='ltr'><strong>ejus</strong></span> <span class='ocrx_word' id='word_1_625' title='bbox 1550 4255 1651 4313; x_wconf 83' lang='lat' dir='ltr'><strong>ibidem</strong></span> <span class='ocrx_word' id='word_1_626' title='bbox 1671 4256 1845 4332; x_wconf 72' lang='lat' dir='ltr'><strong>allegatque</strong></span> 
     </span>
     <span class='ocr_line' id='line_1_44' title="bbox 185 4347 1849 4426; baseline -0.001 -15"><span class='ocrx_word' id='word_1_627' title='bbox 185 4354 292 4426; x_wconf 77' lang='lat' dir='ltr'><strong>Aliqua</strong></span> <span class='ocrx_word' id='word_1_628' title='bbox 304 4366 369 4409; x_wconf 87' lang='lat' dir='ltr'><strong>sane</strong></span> <span class='ocrx_word' id='word_1_629' title='bbox 382 4348 516 4421; x_wconf 83' lang='lat' dir='ltr'><strong>elnsmedi</strong></span> <span class='ocrx_word' id='word_1_630' title='bbox 528 4349 679 4406; x_wconf 89' lang='lat' dir='ltr'><strong>locutiones</strong></span> <span class='ocrx_word' id='word_1_631' title='bbox 694 4347 916 4405; x_wconf 78' lang='lat' dir='ltr'><strong>inbntenicasnis</strong></span> <span class='ocrx_word' id='word_1_632' title='bbox 931 4348 983 4404; x_wconf 80' lang='lat' dir='ltr'><strong>Pa·</strong></span> <span class='ocrx_word' id='word_1_633' title='bbox 1037 4347 1183 4405; x_wconf 85' lang='lat' dir='ltr'><strong>brianismi</strong></span> <span class='ocrx_word' id='word_1_634' title='bbox 1206 4348 1414 4407; x_wconf 77' lang='lat' dir='ltr'><strong>lundomenttnn</strong></span> <span class='ocrx_word' id='word_1_635' title='bbox 1430 4358 1459 4407; x_wconf 87' lang='lat' dir='ltr'><strong>et</strong></span> <span class='ocrx_word' id='word_1_636' title='bbox 1472 4349 1562 4417; x_wconf 84' lang='lat' dir='ltr'><strong>basis,</strong></span> <span class='ocrx_word' id='word_1_637' title='bbox 1579 4366 1596 4407; x_wconf 89' lang='lat' dir='ltr'><strong>a</strong></span> <span class='ocrx_word' id='word_1_638' title='bbox 1619 4360 1715 4408; x_wconf 89' lang='lat' dir='ltr'><strong>nestro</strong></span> <span class='ocrx_word' id='word_1_639' title='bbox 1732 4368 1849 4425; x_wconf 89' lang='lat' dir='ltr'><strong>queque</strong></span> 
     </span>
     <span class='ocr_line' id='line_1_45' title="bbox 184 4439 1849 4517; baseline 0.002 -17"><span class='ocrx_word' id='word_1_640' title='bbox 184 4446 272 4503; x_wconf 89' lang='lat' dir='ltr'><strong>tribus</strong></span> <span class='ocrx_word' id='word_1_641' title='bbox 284 4444 399 4517; x_wconf 87' lang='lat' dir='ltr'><strong>reperiri</strong></span> <span class='ocrx_word' id='word_1_642' title='bbox 410 4450 525 4516; x_wconf 89' lang='lat' dir='ltr'><strong>queunt,</strong></span> <span class='ocrx_word' id='word_1_643' title='bbox 539 4451 569 4498; x_wconf 92' lang='lat' dir='ltr'><strong>nt</strong></span> <span class='ocrx_word' id='word_1_644' title='bbox 578 4442 648 4498; x_wconf 79' lang='lat' dir='ltr'><strong>irater</strong></span> <span class='ocrx_word' id='word_1_645' title='bbox 662 4442 774 4499; x_wconf 84' lang='lat' dir='ltr'><strong>Latinos</strong></span> <span class='ocrx_word' id='word_1_646' title='bbox 789 4456 859 4498; x_wconf 88' lang='lat' dir='ltr'><strong>unus</strong></span> <span class='ocrx_word' id='word_1_647' title='bbox 872 4440 983 4498; x_wconf 80' lang='lat' dir='ltr'><strong>Tertul·</strong></span> <span class='ocrx_word' id='word_1_648' title='bbox 1036 4440 1176 4513; x_wconf 85' lang='lat' dir='ltr'><strong>Scriptere</strong></span> <span class='ocrx_word' id='word_1_649' title='bbox 1191 4441 1307 4498; x_wconf 80' lang='lat' dir='ltr'><strong>indiettts</strong></span> <span class='ocrx_word' id='word_1_650' title='bbox 1319 4444 1420 4501; x_wconf 70' lang='lat' dir='ltr'><strong>tranei</strong></span> <span class='ocrx_word' id='word_1_651' title='bbox 1437 4444 1485 4501; x_wconf 89' lang='lat' dir='ltr'><strong>lib.</strong></span> <span class='ocrx_word' id='word_1_652' title='bbox 1500 4459 1530 4508; x_wconf 91' lang='lat' dir='ltr'><strong>tt,</strong></span> <span class='ocrx_word' id='word_1_653' title='bbox 1544 4459 1620 4499; x_wconf 86' lang='lat' dir='ltr'><strong>nunt.</strong></span> <span class='ocrx_word' id='word_1_654' title='bbox 1634 4439 1661 4513; x_wconf 88' lang='lat' dir='ltr'><strong>l,</strong></span> <span class='ocrx_word' id='word_1_655' title='bbox 1675 4445 1756 4517; x_wconf 85' lang='lat' dir='ltr'><strong>plane</strong></span> <span class='ocrx_word' id='word_1_656' title='bbox 1767 4447 1849 4503; x_wconf 85' lang='lat' dir='ltr'><strong>erel-</strong></span> 
     </span>
     <span class='ocr_line' id='line_1_46' title="bbox 183 4532 1848 4609; baseline 0 -13"><span class='ocrx_word' id='word_1_657' title='bbox 183 4540 272 4597; x_wconf 86' lang='lat' dir='ltr'><strong>llnntts</strong></span> <span class='ocrx_word' id='word_1_658' title='bbox 283 4538 368 4596; x_wconf 86' lang='lat' dir='ltr'><strong>semel</strong></span> <span class='ocrx_word' id='word_1_659' title='bbox 377 4552 456 4593; x_wconf 87' lang='lat' dir='ltr'><strong>annm</strong></span> <span class='ocrx_word' id='word_1_660' title='bbox 468 4534 638 4591; x_wconf 84' lang='lat' dir='ltr'><strong>substantiam</strong></span> <span class='ocrx_word' id='word_1_661' title='bbox 649 4545 676 4591; x_wconf 90' lang='lat' dir='ltr'><strong>et</strong></span> <span class='ocrx_word' id='word_1_662' title='bbox 686 4535 885 4591; x_wconf 76' lang='lat' dir='ltr'><strong>contendentem</strong></span> <span class='ocrx_word' id='word_1_663' title='bbox 898 4536 984 4605; x_wconf 89' lang='lat' dir='ltr'><strong>scrip·</strong></span> <span class='ocrx_word' id='word_1_664' title='bbox 1037 4533 1111 4589; x_wconf 89' lang='lat' dir='ltr'><strong>litnr.</strong></span> <span class='ocrx_word' id='word_1_665' title='bbox 1128 4532 1262 4607; x_wconf 75' lang='lat' dir='ltr'><strong>intelligat</strong></span> <span class='ocrx_word' id='word_1_666' title='bbox 1280 4536 1350 4591; x_wconf 85' lang='lat' dir='ltr'><strong>enim</strong></span> <span class='ocrx_word' id='word_1_667' title='bbox 1364 4536 1510 4609; x_wconf 88' lang='lat' dir='ltr'><strong>(origenis</strong></span> <span class='ocrx_word' id='word_1_668' title='bbox 1526 4537 1608 4593; x_wconf 84' lang='lat' dir='ltr'><strong>rerba</strong></span> <span class='ocrx_word' id='word_1_669' title='bbox 1622 4546 1687 4594; x_wconf 88' lang='lat' dir='ltr'><strong>sont</strong></span> <span class='ocrx_word' id='word_1_670' title='bbox 1701 4537 1738 4595; x_wconf 86' lang='lat' dir='ltr'><strong>alr</strong></span> <span class='ocrx_word' id='word_1_671' title='bbox 1756 4540 1848 4596; x_wconf 68' lang='lat' dir='ltr'><strong>otba-</strong></span> 
     </span>
     <span class='ocr_line' id='line_1_47' title="bbox 185 4606 1850 4703; baseline 0 -14"><span class='ocrx_word' id='word_1_672' title='bbox 185 4634 243 4700; x_wconf 86' lang='lat' dir='ltr'><strong>sit,</strong></span> <span class='ocrx_word' id='word_1_673' title='bbox 264 4648 318 4689; x_wconf 92' lang='lat' dir='ltr'><strong>nen</strong></span> <span class='ocrx_word' id='word_1_674' title='bbox 343 4632 370 4688; x_wconf 90' lang='lat' dir='ltr'><strong>in</strong></span> <span class='ocrx_word' id='word_1_675' title='bbox 388 4646 449 4688; x_wconf 87' lang='lat' dir='ltr'><strong>earn</strong></span> <span class='ocrx_word' id='word_1_676' title='bbox 465 4639 556 4686; x_wconf 85' lang='lat' dir='ltr'><strong>tannen</strong></span> <span class='ocrx_word' id='word_1_677' title='bbox 573 4630 625 4685; x_wconf 87' lang='lat' dir='ltr'><strong>uim</strong></span> <span class='ocrx_word' id='word_1_678' title='bbox 648 4645 701 4701; x_wconf 89' lang='lat' dir='ltr'><strong>qua</strong></span> <span class='ocrx_word' id='word_1_679' title='bbox 725 4644 849 4687; x_wconf 87' lang='lat' dir='ltr'><strong>errorem</strong></span> <span class='ocrx_word' id='word_1_680' title='bbox 863 4630 984 4702; x_wconf 86' lang='lat' dir='ltr'><strong>aliquem</strong></span> <span class='ocrx_word' id='word_1_681' title='bbox 998 4606 1115 4685; x_wconf 56' lang='lat' dir='ltr'><strong>1&#39;nasio</strong></span> <span class='ocrx_word' id='word_1_682' title='bbox 1132 4625 1262 4701; x_wconf 80' lang='lat' dir='ltr'><strong>recitata)</strong></span> <span class='ocrx_word' id='word_1_683' title='bbox 1274 4618 1319 4699; x_wconf 82' lang='lat' dir='ltr'><strong>qui</strong></span> <span class='ocrx_word' id='word_1_684' title='bbox 1334 4631 1419 4686; x_wconf 87' lang='lat' dir='ltr'><strong>dicere</strong></span> <span class='ocrx_word' id='word_1_685' title='bbox 1434 4630 1528 4700; x_wconf 78' lang='lat' dir='ltr'><strong>eadm,</strong></span> <span class='ocrx_word' id='word_1_686' title='bbox 1547 4629 1596 4703; x_wconf 73' lang='lat' dir='ltr'><strong>snit</strong></span> <span class='ocrx_word' id='word_1_687' title='bbox 1608 4631 1770 4703; x_wconf 61' lang='lat' dir='ltr'><strong>dignando,</strong></span> <span class='ocrx_word' id='word_1_688' title='bbox 1784 4650 1850 4689; x_wconf 75' lang='lat' dir='ltr'><strong>mn</strong></span> 
     </span>
     <span class='ocr_line' id='line_1_48' title="bbox 184 4720 1281 4795; baseline -0.003 -14"><span class='ocrx_word' id='word_1_689' title='bbox 184 4724 268 4781; x_wconf 84' lang='lat' dir='ltr'><strong>lenire</strong></span> <span class='ocrx_word' id='word_1_690' title='bbox 282 4725 402 4783; x_wconf 84' lang='lat' dir='ltr'><strong>uoluisse</strong></span> <span class='ocrx_word' id='word_1_691' title='bbox 425 4722 570 4795; x_wconf 86' lang='lat' dir='ltr'><strong>signibcet.</strong></span> <span class='ocrx_word' id='word_1_692' title='bbox 591 4724 625 4777; x_wconf 79' lang='lat' dir='ltr'><strong>bt</strong></span> <span class='ocrx_word' id='word_1_693' title='bbox 640 4730 678 4777; x_wconf 92' lang='lat' dir='ltr'><strong>tot</strong></span> <span class='ocrx_word' id='word_1_694' title='bbox 698 4721 779 4777; x_wconf 87' lang='lat' dir='ltr'><strong>sintul</strong></span> <span class='ocrx_word' id='word_1_695' title='bbox 795 4720 940 4792; x_wconf 85' lang='lat' dir='ltr'><strong>lormnlas,</strong></span> <span class='ocrx_word' id='word_1_696' title='bbox 956 4732 985 4779; x_wconf 87' lang='lat' dir='ltr'><strong>ct</strong></span> <span class='ocrx_word' id='word_1_697' title='bbox 1040 4738 1091 4777; x_wconf 89' lang='lat' dir='ltr'><strong>nen</strong></span> <span class='ocrx_word' id='word_1_698' title='bbox 1103 4733 1169 4778; x_wconf 86' lang='lat' dir='ltr'><strong>erret</strong></span> <span class='ocrx_word' id='word_1_699' title='bbox 1181 4720 1281 4779; x_wconf 83' lang='lat' dir='ltr'><strong>Filias.</strong></span> 
     </span>
     <span class='ocr_line' id='line_1_49' title="bbox 186 4816 1848 4895; baseline 0.001 -19"><span class='ocrx_word' id='word_1_700' title='bbox 186 4820 294 4876; x_wconf 72' lang='lat' dir='ltr'><strong>Arianis</strong></span> <span class='ocrx_word' id='word_1_701' title='bbox 305 4818 445 4875; x_wconf 88' lang='lat' dir='ltr'><strong>erroribus</strong></span> <span class='ocrx_word' id='word_1_702' title='bbox 459 4832 475 4872; x_wconf 88' lang='lat' dir='ltr'><strong>e</strong></span> <span class='ocrx_word' id='word_1_703' title='bbox 489 4816 623 4875; x_wconf 87' lang='lat' dir='ltr'><strong>diametro</strong></span> <span class='ocrx_word' id='word_1_704' title='bbox 644 4830 677 4873; x_wconf 88' lang='lat' dir='ltr'><strong>ac</strong></span> <span class='ocrx_word' id='word_1_705' title='bbox 699 4816 805 4874; x_wconf 88' lang='lat' dir='ltr'><strong>directe</strong></span> <span class='ocrx_word' id='word_1_706' title='bbox 824 4822 984 4890; x_wconf 85' lang='lat' dir='ltr'><strong>oppositas,</strong></span> <span class='ocrx_word' id='word_1_707' title='bbox 1073 4816 1116 4873; x_wconf 81' lang='lat' dir='ltr'><strong>Er</strong></span> <span class='ocrx_word' id='word_1_708' title='bbox 1132 4817 1185 4874; x_wconf 90' lang='lat' dir='ltr'><strong>ltnc</strong></span> <span class='ocrx_word' id='word_1_709' title='bbox 1196 4818 1284 4875; x_wconf 89' lang='lat' dir='ltr'><strong>solum</strong></span> <span class='ocrx_word' id='word_1_710' title='bbox 1294 4818 1418 4891; x_wconf 74' lang='lat' dir='ltr'><strong>origenis</strong></span> <span class='ocrx_word' id='word_1_711' title='bbox 1431 4818 1586 4876; x_wconf 86' lang='lat' dir='ltr'><strong>testimonie</strong></span> <span class='ocrx_word' id='word_1_712' title='bbox 1600 4820 1690 4891; x_wconf 87' lang='lat' dir='ltr'><strong>petius</strong></span> <span class='ocrx_word' id='word_1_713' title='bbox 1710 4821 1848 4895; x_wconf 89' lang='lat' dir='ltr'><strong>intelligi·</strong></span> 
     </span>
     <span class='ocr_line' id='line_1_50' title="bbox 186 4908 1849 4986; baseline 0.001 -16"><span class='ocrx_word' id='word_1_714' title='bbox 186 4914 340 4986; x_wconf 75' lang='lat' dir='ltr'><strong>totiensque</strong></span> <span class='ocrx_word' id='word_1_715' title='bbox 355 4911 486 4985; x_wconf 87' lang='lat' dir='ltr'><strong>repetitas</strong></span> <span class='ocrx_word' id='word_1_716' title='bbox 498 4910 527 4966; x_wconf 92' lang='lat' dir='ltr'><strong>in</strong></span> <span class='ocrx_word' id='word_1_717' title='bbox 539 4911 649 4967; x_wconf 88' lang='lat' dir='ltr'><strong>nemine</strong></span> <span class='ocrx_word' id='word_1_718' title='bbox 659 4912 837 4969; x_wconf 80' lang='lat' dir='ltr'><strong>Anteniearte</strong></span> <span class='ocrx_word' id='word_1_719' title='bbox 847 4914 985 4986; x_wconf 89' lang='lat' dir='ltr'><strong>quispiam</strong></span> <span class='ocrx_word' id='word_1_720' title='bbox 1039 4926 1109 4975; x_wconf 90' lang='lat' dir='ltr'><strong>rnns,</strong></span> <span class='ocrx_word' id='word_1_721' title='bbox 1125 4908 1208 4967; x_wconf 85' lang='lat' dir='ltr'><strong>luisse</strong></span> <span class='ocrx_word' id='word_1_722' title='bbox 1230 4910 1257 4968; x_wconf 91' lang='lat' dir='ltr'><strong>id</strong></span> <span class='ocrx_word' id='word_1_723' title='bbox 1283 4927 1391 4984; x_wconf 87' lang='lat' dir='ltr'><strong>quoquc</strong></span> <span class='ocrx_word' id='word_1_724' title='bbox 1404 4910 1537 4981; x_wconf 84' lang='lat' dir='ltr'><strong>temperis</strong></span> <span class='ocrx_word' id='word_1_725' title='bbox 1549 4913 1631 4969; x_wconf 90' lang='lat' dir='ltr'><strong>aliurn</strong></span> <span class='ocrx_word' id='word_1_726' title='bbox 1649 4913 1782 4983; x_wconf 87' lang='lat' dir='ltr'><strong>aliquem,</strong></span> <span class='ocrx_word' id='word_1_727' title='bbox 1795 4914 1849 4986; x_wconf 86' lang='lat' dir='ltr'><strong>qui</strong></span> 
     </span>
     <span class='ocr_line' id='line_1_51' title="bbox 187 5002 1849 5079; baseline -0.001 -14"><span class='ocrx_word' id='word_1_728' title='bbox 187 5008 348 5079; x_wconf 78' lang='lat' dir='ltr'><strong>ostenderit.</strong></span> <span class='ocrx_word' id='word_1_729' title='bbox 1036 5002 1065 5061; x_wconf 89' lang='lat' dir='ltr'><strong>id</strong></span> <span class='ocrx_word' id='word_1_730' title='bbox 1078 5002 1192 5072; x_wconf 87' lang='lat' dir='ltr'><strong>diceret,</strong></span> <span class='ocrx_word' id='word_1_731' title='bbox 1207 5003 1279 5074; x_wconf 91' lang='lat' dir='ltr'><strong>qued</strong></span> <span class='ocrx_word' id='word_1_732' title='bbox 1294 5004 1387 5060; x_wconf 85' lang='lat' dir='ltr'><strong>brinni</strong></span> <span class='ocrx_word' id='word_1_733' title='bbox 1401 5002 1515 5059; x_wconf 80' lang='lat' dir='ltr'><strong>subinde</strong></span> <span class='ocrx_word' id='word_1_734' title='bbox 1528 5003 1658 5061; x_wconf 89' lang='lat' dir='ltr'><strong>docuere.</strong></span> <span class='ocrx_word' id='word_1_735' title='bbox 1674 5003 1705 5061; x_wconf 93' lang='lat' dir='ltr'><strong>ln</strong></span> <span class='ocrx_word' id='word_1_736' title='bbox 1721 5003 1849 5079; x_wconf 79' lang='lat' dir='ltr'><strong>AEgypte</strong></span> 
     </span>
     <span class='ocr_line' id='line_1_52' title="bbox 224 5096 1850 5172; baseline 0 -15"><span class='ocrx_word' id='word_1_737' title='bbox 224 5103 349 5157; x_wconf 86' lang='lat' dir='ltr'><strong>Editnres</strong></span> <span class='ocrx_word' id='word_1_738' title='bbox 371 5098 543 5155; x_wconf 73' lang='lat' dir='ltr'><strong>veronenses</strong></span> <span class='ocrx_word' id='word_1_739' title='bbox 555 5096 624 5155; x_wconf 76' lang='lat' dir='ltr'><strong>¹ltnic</strong></span> <span class='ocrx_word' id='word_1_740' title='bbox 641 5097 806 5169; x_wconf 91' lang='lat' dir='ltr'><strong>oppositioni</strong></span> <span class='ocrx_word' id='word_1_741' title='bbox 824 5113 854 5155; x_wconf 89' lang='lat' dir='ltr'><strong>se</strong></span> <span class='ocrx_word' id='word_1_742' title='bbox 873 5097 983 5157; x_wconf 87' lang='lat' dir='ltr'><strong>satisle-</strong></span> <span class='ocrx_word' id='word_1_743' title='bbox 1037 5096 1145 5167; x_wconf 86' lang='lat' dir='ltr'><strong>quiderm</strong></span> <span class='ocrx_word' id='word_1_744' title='bbox 1167 5096 1318 5153; x_wconf 66' lang='lat' dir='ltr'><strong>castitiis.</strong></span> <span class='ocrx_word' id='word_1_745' title='bbox 1341 5096 1487 5169; x_wconf 81' lang='lat' dir='ltr'><strong>oinngsius</strong></span> <span class='ocrx_word' id='word_1_746' title='bbox 1504 5097 1704 5155; x_wconf 81' lang='lat' dir='ltr'><strong>Alexandrinus</strong></span> <span class='ocrx_word' id='word_1_747' title='bbox 1718 5098 1850 5172; x_wconf 87' lang='lat' dir='ltr'><strong>origenis</strong></span> 
     </span>
     <span class='ocr_line' id='line_1_53' title="bbox 186 5188 1850 5265; baseline 0.003 -21"><span class='ocrx_word' id='word_1_748' title='bbox 186 5196 258 5255; x_wconf 68' lang='lat' dir='ltr'><strong>nisse</strong></span> <span class='ocrx_word' id='word_1_749' title='bbox 276 5192 472 5260; x_wconf 72' lang='lat' dir='ltr'><strong>erediderunt,</strong></span> <span class='ocrx_word' id='word_1_750' title='bbox 488 5207 549 5247; x_wconf 91' lang='lat' dir='ltr'><strong>cnm</strong></span> <span class='ocrx_word' id='word_1_751' title='bbox 571 5191 629 5248; x_wconf 77' lang='lat' dir='ltr'><strong>lane</strong></span> <span class='ocrx_word' id='word_1_752' title='bbox 650 5191 751 5265; x_wconf 84' lang='lat' dir='ltr'><strong>scripta</strong></span> <span class='ocrx_word' id='word_1_753' title='bbox 772 5197 982 5263; x_wconf 62' lang='lat' dir='ltr'><strong>&#39;trapecitarum</strong></span> <span class='ocrx_word' id='word_1_754' title='bbox 1037 5188 1203 5260; x_wconf 60' lang='lat' dir='ltr'><strong>discipulum</strong></span> <span class='ocrx_word' id='word_1_755' title='bbox 1214 5189 1260 5260; x_wconf 91' lang='lat' dir='ltr'><strong>qui</strong></span> <span class='ocrx_word' id='word_1_756' title='bbox 1272 5205 1325 5245; x_wconf 91' lang='lat' dir='ltr'><strong>non</strong></span> <span class='ocrx_word' id='word_1_757' title='bbox 1339 5197 1369 5245; x_wconf 85' lang='lat' dir='ltr'><strong>ui</strong></span> <span class='ocrx_word' id='word_1_758' title='bbox 1382 5190 1491 5247; x_wconf 76' lang='lat' dir='ltr'><strong>Arianis</strong></span> <span class='ocrx_word' id='word_1_759' title='bbox 1504 5193 1676 5261; x_wconf 73' lang='lat' dir='ltr'><strong>praecineret,</strong></span> <span class='ocrx_word' id='word_1_760' title='bbox 1687 5192 1736 5248; x_wconf 88' lang='lat' dir='ltr'><strong>sed</strong></span> <span class='ocrx_word' id='word_1_761' title='bbox 1752 5201 1784 5248; x_wconf 85' lang='lat' dir='ltr'><strong>ut</strong></span> <span class='ocrx_word' id='word_1_762' title='bbox 1794 5193 1850 5250; x_wconf 86' lang='lat' dir='ltr'><strong>Sa·</strong></span> 
     </span>
     <span class='ocr_line' id='line_1_54' title="bbox 186 5282 1849 5362; baseline 0 -18"><span class='ocrx_word' id='word_1_763' title='bbox 186 5288 444 5345; x_wconf 77' lang='lat' dir='ltr'><strong>aduersuserrores</strong></span> <span class='ocrx_word' id='word_1_764' title='bbox 463 5284 607 5356; x_wconf 87' lang='lat' dir='ltr'><strong>origenis,</strong></span> <span class='ocrx_word' id='word_1_765' title='bbox 628 5286 674 5358; x_wconf 93' lang='lat' dir='ltr'><strong>qni</strong></span> <span class='ocrx_word' id='word_1_766' title='bbox 697 5284 754 5343; x_wconf 81' lang='lat' dir='ltr'><strong>brii</strong></span> <span class='ocrx_word' id='word_1_767' title='bbox 777 5298 853 5358; x_wconf 85' lang='lat' dir='ltr'><strong>pater</strong></span> <span class='ocrx_word' id='word_1_768' title='bbox 867 5291 901 5346; x_wconf 88' lang='lat' dir='ltr'><strong>ab</strong></span> <span class='ocrx_word' id='word_1_769' title='bbox 919 5288 983 5362; x_wconf 83' lang='lat' dir='ltr'><strong>Epi.</strong></span> <span class='ocrx_word' id='word_1_770' title='bbox 1038 5282 1161 5340; x_wconf 76' lang='lat' dir='ltr'><strong>bellisne</strong></span> <span class='ocrx_word' id='word_1_771' title='bbox 1179 5284 1276 5341; x_wconf 78' lang='lat' dir='ltr'><strong>lnceresi</strong></span> <span class='ocrx_word' id='word_1_772' title='bbox 1291 5284 1318 5338; x_wconf 93' lang='lat' dir='ltr'><strong>in</strong></span> <span class='ocrx_word' id='word_1_773' title='bbox 1333 5282 1416 5355; x_wconf 73' lang='lat' dir='ltr'><strong>Lybie</strong></span> <span class='ocrx_word' id='word_1_774' title='bbox 1429 5284 1605 5357; x_wconf 77' lang='lat' dir='ltr'><strong>finitimisque</strong></span> <span class='ocrx_word' id='word_1_775' title='bbox 1618 5284 1686 5342; x_wconf 89' lang='lat' dir='ltr'><strong>loeis</strong></span> <span class='ocrx_word' id='word_1_776' title='bbox 1707 5288 1849 5358; x_wconf 85' lang='lat' dir='ltr'><strong>grassanti</strong></span> 
     </span>
     <span class='ocr_line' id='line_1_55' title="bbox 188 5374 1851 5453; baseline 0.002 -18"><span class='ocrx_word' id='word_1_777' title='bbox 188 5380 288 5453; x_wconf 86' lang='lat' dir='ltr'><strong>pbanio</strong></span> <span class='ocrx_word' id='word_1_778' title='bbox 308 5378 432 5434; x_wconf 88' lang='lat' dir='ltr'><strong>traditur.</strong></span> <span class='ocrx_word' id='word_1_779' title='bbox 446 5374 555 5434; x_wconf 84' lang='lat' dir='ltr'><strong>linusnc</strong></span> <span class='ocrx_word' id='word_1_780' title='bbox 577 5380 678 5433; x_wconf 81' lang='lat' dir='ltr'><strong>ductor</strong></span> <span class='ocrx_word' id='word_1_781' title='bbox 696 5386 790 5435; x_wconf 88' lang='lat' dir='ltr'><strong>noster</strong></span> <span class='ocrx_word' id='word_1_782' title='bbox 811 5390 931 5440; x_wconf 89' lang='lat' dir='ltr'><strong>notasset</strong></span> <span class='ocrx_word' id='word_1_783' title='bbox 955 5382 982 5439; x_wconf 96' lang='lat' dir='ltr'><strong>in</strong></span> <span class='ocrx_word' id='word_1_784' title='bbox 1037 5391 1264 5450; x_wconf 86' lang='lat' dir='ltr'><strong>sesceppenerct.</strong></span> <span class='ocrx_word' id='word_1_785' title='bbox 1275 5394 1335 5434; x_wconf 88' lang='lat' dir='ltr'><strong>cam</strong></span> <span class='ocrx_word' id='word_1_786' title='bbox 1350 5378 1514 5436; x_wconf 89' lang='lat' dir='ltr'><strong>locutionem</strong></span> <span class='ocrx_word' id='word_1_787' title='bbox 1529 5380 1636 5437; x_wconf 83' lang='lat' dir='ltr'><strong>incaute</strong></span> <span class='ocrx_word' id='word_1_788' title='bbox 1651 5382 1803 5453; x_wconf 82' lang='lat' dir='ltr'><strong>usurparit,</strong></span> <span class='ocrx_word' id='word_1_789' title='bbox 1814 5392 1851 5440; x_wconf 84' lang='lat' dir='ltr'><strong>ut</strong></span> 
     </span>
     <span class='ocr_line' id='line_1_56' title="bbox 187 5471 1849 5546; baseline 0 -16"><span class='ocrx_word' id='word_1_790' title='bbox 187 5475 303 5545; x_wconf 78' lang='lat' dir='ltr'><strong>otigerm</strong></span> <span class='ocrx_word' id='word_1_791' title='bbox 320 5472 464 5535; x_wconf 72' lang='lat' dir='ltr'><strong>heresim,</strong></span> <span class='ocrx_word' id='word_1_792' title='bbox 485 5485 564 5543; x_wconf 89' lang='lat' dir='ltr'><strong>quant</strong></span> <span class='ocrx_word' id='word_1_793' title='bbox 586 5487 665 5527; x_wconf 90' lang='lat' dir='ltr'><strong>neme</strong></span> <span class='ocrx_word' id='word_1_794' title='bbox 683 5489 811 5545; x_wconf 85' lang='lat' dir='ltr'><strong>nrtiqnmn</strong></span> <span class='ocrx_word' id='word_1_795' title='bbox 826 5487 890 5532; x_wconf 89' lang='lat' dir='ltr'><strong>ante</strong></span> <span class='ocrx_word' id='word_1_796' title='bbox 904 5478 983 5533; x_wconf 79' lang='lat' dir='ltr'><strong>drin-</strong></span> <span class='ocrx_word' id='word_1_797' title='bbox 1036 5471 1122 5543; x_wconf 75' lang='lat' dir='ltr'><strong>linquet</strong></span> <span class='ocrx_word' id='word_1_798' title='bbox 1134 5490 1167 5529; x_wconf 80' lang='lat' dir='ltr'><strong>ex</strong></span> <span class='ocrx_word' id='word_1_799' title='bbox 1179 5472 1461 5546; x_wconf 79' lang='lat' dir='ltr'><strong>bragmentucpistolse</strong></span> <span class='ocrx_word' id='word_1_800' title='bbox 1476 5474 1599 5544; x_wconf 82' lang='lat' dir='ltr'><strong>ejusdem</strong></span> <span class='ocrx_word' id='word_1_801' title='bbox 1622 5473 1656 5529; x_wconf 92' lang='lat' dir='ltr'><strong>ad</strong></span> <span class='ocrx_word' id='word_1_802' title='bbox 1679 5474 1849 5543; x_wconf 78' lang='lat' dir='ltr'><strong>Euqutrane-</strong></span> 
     </span>
     <span class='ocr_line' id='line_1_57' title="bbox 187 5550 1849 5638; baseline 0.003 -18"><span class='ocrx_word' id='word_1_803' title='bbox 187 5580 237 5621; x_wconf 87' lang='lat' dir='ltr'><strong>ees</strong></span> <span class='ocrx_word' id='word_1_804' title='bbox 253 5566 280 5620; x_wconf 91' lang='lat' dir='ltr'><strong>in</strong></span> <span class='ocrx_word' id='word_1_805' title='bbox 294 5578 328 5620; x_wconf 86' lang='lat' dir='ltr'><strong>ce</strong></span> <span class='ocrx_word' id='word_1_806' title='bbox 342 5574 449 5621; x_wconf 73' lang='lat' dir='ltr'><strong>incesse</strong></span> <span class='ocrx_word' id='word_1_807' title='bbox 463 5566 606 5635; x_wconf 71' lang='lat' dir='ltr'><strong>repetitum</strong></span> <span class='ocrx_word' id='word_1_808' title='bbox 623 5576 648 5622; x_wconf 88' lang='lat' dir='ltr'><strong>et</strong></span> <span class='ocrx_word' id='word_1_809' title='bbox 665 5574 720 5622; x_wconf 84' lang='lat' dir='ltr'><strong>tarn</strong></span> <span class='ocrx_word' id='word_1_810' title='bbox 732 5567 857 5638; x_wconf 86' lang='lat' dir='ltr'><strong>repetitis</strong></span> <span class='ocrx_word' id='word_1_811' title='bbox 870 5568 897 5623; x_wconf 88' lang='lat' dir='ltr'><strong>in</strong></span> <span class='ocrx_word' id='word_1_812' title='bbox 914 5568 983 5625; x_wconf 87' lang='lat' dir='ltr'><strong>letis</strong></span> <span class='ocrx_word' id='word_1_813' title='bbox 1038 5584 1100 5626; x_wconf 91' lang='lat' dir='ltr'><strong>nem</strong></span> <span class='ocrx_word' id='word_1_814' title='bbox 1113 5577 1141 5625; x_wconf 89' lang='lat' dir='ltr'><strong>ct</strong></span> <span class='ocrx_word' id='word_1_815' title='bbox 1153 5569 1337 5633; x_wconf 75' lang='lat' dir='ltr'><strong>doemonium,</strong></span> <span class='ocrx_word' id='word_1_816' title='bbox 1358 5568 1429 5638; x_wconf 87' lang='lat' dir='ltr'><strong>quod</strong></span> <span class='ocrx_word' id='word_1_817' title='bbox 1452 5567 1482 5625; x_wconf 87' lang='lat' dir='ltr'><strong>S.</strong></span> <span class='ocrx_word' id='word_1_818' title='bbox 1508 5550 1673 5624; x_wconf 79' lang='lat' dir='ltr'><strong>Atlnanasius</strong></span> <span class='ocrx_word' id='word_1_819' title='bbox 1694 5568 1797 5625; x_wconf 81' lang='lat' dir='ltr'><strong>recitat</strong></span> <span class='ocrx_word' id='word_1_820' title='bbox 1816 5569 1849 5626; x_wconf 92' lang='lat' dir='ltr'><strong>in</strong></span> 
     </span>
     <span class='ocr_line' id='line_1_58' title="bbox 186 5652 1847 5734; baseline 0.002 -19"><span class='ocrx_word' id='word_1_821' title='bbox 186 5674 218 5715; x_wconf 89' lang='lat' dir='ltr'><strong>ac</strong></span> <span class='ocrx_word' id='word_1_822' title='bbox 232 5672 283 5732; x_wconf 91' lang='lat' dir='ltr'><strong>pro</strong></span> <span class='ocrx_word' id='word_1_823' title='bbox 293 5658 423 5715; x_wconf 80' lang='lat' dir='ltr'><strong>eoricione</strong></span> <span class='ocrx_word' id='word_1_824' title='bbox 437 5652 568 5725; x_wconf 86' lang='lat' dir='ltr'><strong>notasset,</strong></span> <span class='ocrx_word' id='word_1_825' title='bbox 584 5673 617 5714; x_wconf 87' lang='lat' dir='ltr'><strong>ae</strong></span> <span class='ocrx_word' id='word_1_826' title='bbox 629 5661 651 5715; x_wconf 92' lang='lat' dir='ltr'><strong>si</strong></span> <span class='ocrx_word' id='word_1_827' title='bbox 666 5658 808 5731; x_wconf 86' lang='lat' dir='ltr'><strong>origenes.</strong></span> <span class='ocrx_word' id='word_1_828' title='bbox 825 5659 867 5716; x_wconf 91' lang='lat' dir='ltr'><strong>vel</strong></span> <span class='ocrx_word' id='word_1_829' title='bbox 887 5660 983 5733; x_wconf 89' lang='lat' dir='ltr'><strong>orige-</strong></span> <span class='ocrx_word' id='word_1_830' title='bbox 1038 5663 1119 5733; x_wconf 87' lang='lat' dir='ltr'><strong>epist.</strong></span> <span class='ocrx_word' id='word_1_831' title='bbox 1126 5661 1161 5718; x_wconf 91' lang='lat' dir='ltr'><strong>de</strong></span> <span class='ocrx_word' id='word_1_832' title='bbox 1175 5660 1297 5718; x_wconf 87' lang='lat' dir='ltr'><strong>Sentent.</strong></span> <span class='ocrx_word' id='word_1_833' title='bbox 1311 5660 1442 5734; x_wconf 83' lang='lat' dir='ltr'><strong>Dionysii,</strong></span> <span class='ocrx_word' id='word_1_834' title='bbox 1453 5677 1528 5718; x_wconf 83' lang='lat' dir='ltr'><strong>num.</strong></span> <span class='ocrx_word' id='word_1_835' title='bbox 1539 5662 1568 5728; x_wconf 82' lang='lat' dir='ltr'><strong>b,</strong></span> <span class='ocrx_word' id='word_1_836' title='bbox 1576 5676 1637 5734; x_wconf 89' lang='lat' dir='ltr'><strong>pag.</strong></span> <span class='ocrx_word' id='word_1_837' title='bbox 1645 5660 1709 5718; x_wconf 78' lang='grc'><strong>146.</strong></span> <span class='ocrx_word' id='word_1_838' title='bbox 1723 5662 1847 5733; x_wconf 77' lang='lat' dir='ltr'><strong>Etenim,</strong></span> 
     </span>
     <span class='ocr_line' id='line_1_59' title="bbox 188 5749 1851 5826; baseline 0.004 -17"><span class='ocrx_word' id='word_1_839' title='bbox 188 5753 266 5809; x_wconf 79' lang='lat' dir='ltr'><strong>cristas</strong></span> <span class='ocrx_word' id='word_1_840' title='bbox 280 5750 367 5824; x_wconf 90' lang='lat' dir='ltr'><strong>palam</strong></span> <span class='ocrx_word' id='word_1_841' title='bbox 378 5749 423 5808; x_wconf 90' lang='lat' dir='ltr'><strong>hic</strong></span> <span class='ocrx_word' id='word_1_842' title='bbox 433 5751 460 5807; x_wconf 91' lang='lat' dir='ltr'><strong>in</strong></span> <span class='ocrx_word' id='word_1_843' title='bbox 474 5750 622 5809; x_wconf 88' lang='lat' dir='ltr'><strong>occidente</strong></span> <span class='ocrx_word' id='word_1_844' title='bbox 646 5762 769 5825; x_wconf 88' lang='lat' dir='ltr'><strong>apertam</strong></span> <span class='ocrx_word' id='word_1_845' title='bbox 785 5753 911 5817; x_wconf 79' lang='lat' dir='ltr'><strong>baeresim</strong></span> <span class='ocrx_word' id='word_1_846' title='bbox 923 5762 983 5811; x_wconf 89' lang='lat' dir='ltr'><strong>tue·</strong></span> <span class='ocrx_word' id='word_1_847' title='bbox 1038 5754 1085 5819; x_wconf 88' lang='lat' dir='ltr'><strong>ait,</strong></span> <span class='ocrx_word' id='word_1_848' title='bbox 1098 5769 1157 5809; x_wconf 86' lang='lat' dir='ltr'><strong>cunr</strong></span> <span class='ocrx_word' id='word_1_849' title='bbox 1170 5756 1205 5809; x_wconf 83' lang='lat' dir='ltr'><strong>sit</strong></span> <span class='ocrx_word' id='word_1_850' title='bbox 1214 5770 1255 5809; x_wconf 82' lang='lat' dir='ltr'><strong>res</strong></span> <span class='ocrx_word' id='word_1_851' title='bbox 1265 5756 1346 5824; x_wconf 77' lang='lat' dir='ltr'><strong>inem,</strong></span> <span class='ocrx_word' id='word_1_852' title='bbox 1358 5770 1410 5809; x_wconf 89' lang='lat' dir='ltr'><strong>non</strong></span> <span class='ocrx_word' id='word_1_853' title='bbox 1422 5764 1478 5809; x_wconf 89' lang='lat' dir='ltr'><strong>erut</strong></span> <span class='ocrx_word' id='word_1_854' title='bbox 1492 5764 1629 5826; x_wconf 83' lang='lat' dir='ltr'><strong>antequem</strong></span> <span class='ocrx_word' id='word_1_855' title='bbox 1641 5755 1725 5823; x_wconf 74' lang='lat' dir='ltr'><strong>fieren</strong></span> <span class='ocrx_word' id='word_1_856' title='bbox 1738 5756 1797 5815; x_wconf 84' lang='lat' dir='ltr'><strong>llac</strong></span> <span class='ocrx_word' id='word_1_857' title='bbox 1809 5757 1851 5815; x_wconf 88' lang='lat' dir='ltr'><strong>de</strong></span> 
     </span>
     <span class='ocr_line' id='line_1_60' title="bbox 188 5846 1849 5923; baseline 0 -14"><span class='ocrx_word' id='word_1_858' title='bbox 188 5858 296 5919; x_wconf 81' lang='lat' dir='ltr'><strong>retitur,</strong></span> <span class='ocrx_word' id='word_1_859' title='bbox 307 5848 333 5905; x_wconf 93' lang='lat' dir='ltr'><strong>in</strong></span> <span class='ocrx_word' id='word_1_860' title='bbox 343 5862 423 5920; x_wconf 88' lang='lat' dir='ltr'><strong>qoam</strong></span> <span class='ocrx_word' id='word_1_861' title='bbox 436 5846 565 5905; x_wconf 81' lang='lat' dir='ltr'><strong>invehere</strong></span> <span class='ocrx_word' id='word_1_862' title='bbox 579 5848 679 5905; x_wconf 89' lang='lat' dir='ltr'><strong>acriter</strong></span> <span class='ocrx_word' id='word_1_863' title='bbox 696 5847 837 5907; x_wconf 82' lang='lat' dir='ltr'><strong>catholicis</strong></span> <span class='ocrx_word' id='word_1_864' title='bbox 849 5847 984 5923; x_wconf 87' lang='lat' dir='ltr'><strong>episeopis</strong></span> <span class='ocrx_word' id='word_1_865' title='bbox 1039 5864 1120 5909; x_wconf 85' lang='lat' dir='ltr'><strong>causa</strong></span> <span class='ocrx_word' id='word_1_866' title='bbox 1148 5848 1293 5919; x_wconf 78' lang='lat' dir='ltr'><strong>Dionysius</strong></span> <span class='ocrx_word' id='word_1_867' title='bbox 1315 5848 1514 5907; x_wconf 70' lang='lat' dir='ltr'><strong>Menandriuus</strong></span> <span class='ocrx_word' id='word_1_868' title='bbox 1534 5848 1647 5907; x_wconf 85' lang='lat' dir='ltr'><strong>llomnut</strong></span> <span class='ocrx_word' id='word_1_869' title='bbox 1669 5848 1778 5911; x_wconf 85' lang='lat' dir='ltr'><strong>delatus</strong></span> <span class='ocrx_word' id='word_1_870' title='bbox 1800 5861 1849 5913; x_wconf 85' lang='lat' dir='ltr'><strong>est</strong></span> 
     </span>
    </p>
   </div>
   <div class='ocr_carea' id='block_1_3' title="bbox 0 0 1980 6308">
    <p class='ocr_par' dir='ltr' id='par_1_3' title="bbox 0 0 1980 6308">
     <span class='ocr_line' id='line_1_61' title="bbox 0 0 1980 6308; baseline 0 0"><span class='ocrx_word' id='word_1_871' title='bbox 0 0 1980 6308; x_wconf 95' lang='lat' dir='ltr'><strong> </strong></span> 
     </span>
    </p>
   </div>
   <div class='ocr_carea' id='block_1_4' title="bbox 1973 2333 1977 2945">
    <p class='ocr_par' dir='ltr' id='par_1_4' title="bbox 1973 2333 1977 2945">
     <span class='ocr_line' id='line_1_62' title="bbox 1973 2333 1977 2945; baseline 0 0"><span class='ocrx_word' id='word_1_872' title='bbox 1973 2333 1977 2945; x_wconf 95' lang='lat' dir='ltr'><strong> </strong></span> 
     </span>
    </p>
   </div>
  </div>
 </body>
</html>
