3950 6317
520 341 684 402 varennis
704 339 985 416 varssenaere
1007 344 1217 404 runsvrsrrs.

848 460 874 540 Α
888 460 1033 528 emcrttlare
1047 481 1053 516 r
1066 470 1199 542 qqqqsepns
1211 460 1353 537 sinceritas
1364 458 1426 517 fidei
1437 465 1535 535 vestrm
1555 457 1689 531 sollicitu-

301 475 368 514 trino
382 474 471 516 bonini
486 475 574 518 breti.

178 571 277 629 xbvt.
299 572 394 629 illidii
412 573 469 632 eti.
483 590 523 642 nr,
537 574 590 647 Ep.
601 591 685 632 xxxn.

125 681 294 756 Gregqrios
306 684 464 750 Pantaleonti
478 686 605 758 prefecto
616 685 726 746 Aleion.

51 772 271 833 laereticurnm
291 777 512 835 nefandissimam
527 780 706 852 pravitatem,
719 778 836 852 qualiter

74 877 280 941 persequatur
300 870 443 927 imiamins
463 871 635 932 excelientia
658 878 757 929 restrae
781 887 835 929 non

51 969 139 1016 sotnr
157 961 345 1034 incognitum.
369 964 401 1020 ili
425 965 506 1037 igitur
526 980 595 1039 quos
614 975 642 1022 et
661 965 723 1044 ssdei
736 977 836 1041 unstrm

51 1057 170 1124 cgriters
197 1064 228 1110 et
243 1055 332 1126 legum
346 1055 456 1114 damnat
466 1057 600 1116 districtio
619 1060 834 1131 mandanarum,

51 1163 61 1198 ι
79 1146 151 1200 leve
169 1154 314 1217 peccatum
330 1157 382 1214 est,
397 1150 420 1206 si
434 1151 533 1208 vestris
552 1151 690 1208 inveniant
706 1152 836 1226 tempori-

51 1255 58 1290 s
90 1237 250 1303 licentiam
274 1233 442 1319 rpseppendi.
471 1243 500 1307 lu
529 1243 584 1314 iilis
607 1246 688 1321 lgisur
714 1246 836 1318 partibus

51 1339 158 1388 ιιιιιιιιι
188 1330 347 1401 didicimus,
361 1335 397 1392 lta
408 1336 607 1395 Donatistarum
617 1339 834 1411 creritaudncia,

51 1440 116 1482 non
136 1426 236 1482 solum
255 1426 290 1484 de
304 1431 361 1484 suis
381 1431 503 1487 ecclesiis
526 1433 687 1503 anctoritate
707 1435 834 1510 pestilens

51 1521 133 1574 ciant
162 1519 233 1577 fidei
257 1520 398 1578 catholicas
421 1524 597 1584 sacerdotes:
620 1526 667 1584 sed
693 1527 743 1585 isos
767 1544 836 1602 quos

51 1629 79 1669 ea
106 1615 381 1688 confessionesque
397 1621 611 1689 regenerationis
630 1621 773 1691 atstuseas,
792 1639 836 1682 ιιι

51 1710 167 1778 ptinere
183 1723 240 1766 non
255 1719 394 1778 metuent,
409 1713 542 1783 valdeque
556 1713 697 1782 miramur,
709 1716 731 1771 si
745 1724 834 1786 tamen

65 1811 112 1858 est
129 1843 137 1868 ,
164 1811 197 1856 ιιι
214 1803 288 1860 vobis
302 1802 356 1859 iilic
369 1805 465 1875 positis
485 1805 566 1860 liceat
580 1806 766 1878 hujuscemodi
780 1807 830 1867 ho·

52 1900 146 1955 uibus
168 1899 263 1970 prauis
285 1899 428 1957 excedere.
452 1899 573 1959 Prirunm
597 1901 732 1974 siquidem
756 1904 835 1979 quale

52 2035 53 2042 ,
66 1993 151 2050 vobis
165 1993 303 2064 judicium
326 1993 480 2052 horninibus
495 1995 657 2068 relinquatis
674 1996 804 2054 attendite
827 1977 833 2054 Ξ

60 2087 89 2143 bi
102 2089 148 2157 qui
166 2087 287 2142 aliorum
299 2088 467 2158 temporibus
478 2087 548 2164 justa
564 2089 670 2146 ratione
686 2089 834 2167 compressi

51 2193 86 2238 mt
98 2183 183 2239 robis
199 2182 454 2240 administrantibus
464 2183 535 2240 viam
556 2186 597 2242 sul
611 2201 738 2242 excessus
761 2187 835 2249 inve-

51 2287 112 2336 aru.
135 2275 246 2334 Deinde
265 2276 432 2349 perditorum
446 2281 549 2336 animas
564 2279 649 2338 Deum
666 2283 836 2338 nostrumne

51 2385 107 2427 anu
131 2380 231 2427 vestra
257 2375 357 2428 scitote
374 2373 515 2444 requirere
534 2375 556 2429 si
581 2382 684 2430 tautum
709 2374 785 2432 nefas
808 2376 836 2432 in

1615 343 1690 410 rtis

888 551 951 608 dine
961 553 1120 611 intemerata
1129 555 1271 624 consistat,
1284 563 1311 610 et
1325 553 1483 610 innocentes
1505 550 1604 608 nnirrrm
1625 566 1687 623 quse

888 643 1024 708 carbriiioo
1038 643 1200 729 bapnismstq
1211 645 1309 717 psinari
1325 652 1471 718 poteraut,
1494 643 1687 720 pqgeticorum

887 735 1032 794 infectione
1043 755 1096 794 nrm
1109 749 1231 810 pereant.
1247 739 1373 813 Quisquis
1386 755 1451 811 ergo
1463 740 1498 796 de
1510 739 1552 794 bis
1563 737 1688 811 personis

887 843 955 901 qnos
978 830 1105 900 superios
1131 832 1365 900 memoravimus,
1389 847 1552 905 quemqnam
1573 846 1686 888 suornm

887 923 958 1005 apud
974 923 1127 980 Donatistas
1142 939 1237 996 passus
1249 934 1291 982 est
1307 925 1458 996 baptisari,
1475 924 1509 981 ad
1523 923 1686 981 catholicam

886 1029 934 1079 eos
956 1011 1038 1091 fldexg
1061 1015 1136 1084 arnul
1156 1016 1257 1072 virtute
1280 1017 1407 1088 omnique
1426 1016 1554 1073 instantia
1574 1015 1688 1073 studeat

886 1126 1026 1168 revocare.
1051 1109 1080 1194 Si
1092 1109 1153 1183 quis
1167 1125 1232 1166 vero
1247 1110 1341 1166 talium
1356 1110 1566 1167 desereretne
1582 1107 1640 1168 ieri
1653 1109 1689 1168 de

886 1205 945 1283 suis
957 1205 1077 1280 qnalibet
1091 1204 1266 1280 egcqsstiqnc
1278 1203 1441 1285 pertulerit,
1464 1204 1567 1271 sciero
1578 1205 1615 1282 sit
1626 1219 1689 1263 om·

886 1297 967 1362 nibus
978 1297 1066 1360 arrodit
1078 1295 1192 1358 alienas.

991 1437 1076 1524 m
1087 1435 1182 1513 xlix,
1196 1434 1306 1513 illim,
1320 1436 1374 1505 ibid
1384 1477 1403 1504 .,
1419 1434 1471 1509 Ep.
1487 1450 1562 1493 ιιιιι.

1069 1550 1215 1623 Gregorius
1233 1549 1353 1607 llanrico
1371 1550 1505 1623 Augusto.

921 1666 995 1724 iuter·
1015 1682 1154 1725 armorum
1173 1682 1254 1725 curas
1270 1675 1300 1724 et
1313 1666 1468 1724 innumeras
1483 1666 1683 1730 sollicitudines

887 1777 956 1836 quas
970 1760 1107 1819 indefesso
1119 1761 1270 1834 studiopro
1292 1761 1449 1834 christiana
1468 1761 1624 1834 reipublicae
1645 1777 1690 1820 rc-

849 1857 988 1932 ngtmine
1002 1857 1142 1915 sustineris
1154 1897 1163 1926 ,
1177 1873 1274 1928 magna
1288 1855 1354 1914 milri
1369 1873 1431 1913 eum
1444 1857 1572 1913 universo
1585 1857 1689 1913 munrio

887 1952 988 2009 laetirire
1003 1963 1153 2022 causaest,
1168 1953 1240 2024 qnod
1258 1953 1344 2024 pistas
1358 1962 1446 2009 vestra
1460 1951 1591 2008 custodie
1613 1951 1687 2018 odei.

887 2060 938 2119 qua
953 2044 1125 2110 dominomm
1137 2045 1223 2118 fuiget
1234 2046 1390 2116 imperinm,
1405 2044 1540 2116 praecipua
1554 2044 1689 2101 sollicito-

887 2139 950 2198 tliue
963 2153 1072 2209 semper
1085 2137 1218 2211 invigilat.
1245 2137 1323 2194 llnde
1346 2136 1458 2193 omuino
1478 2136 1607 2202 conlido,
1624 2137 1687 2208 qrsia

886 2235 956 2290 sicut
968 2249 1018 2289 vos
1032 2233 1079 2288 Dei
1091 2246 1201 2298 cansam
1219 2230 1354 2304 religiosa
1369 2231 1468 2287 mentis
1482 2245 1577 2286 amors
1588 2229 1688 2300 trasmi-

887 2325 935 2392 ni,
952 2326 988 2382 ita
1004 2325 1078 2383 Deras
1092 2332 1198 2380 uestras
1219 2323 1370 2395 majestatis
1382 2338 1438 2380 sun
1450 2323 1536 2394 grstia
1555 2329 1644 2376 tuetur
1659 2329 1689 2378 ιι

887 2416 1007 2488 adiuvat.
1039 2415 1162 2486 Qualiter
1182 2425 1273 2472 antem
1296 2415 1403 2487 pieraris
1428 2424 1525 2471 vestrm
1550 2411 1685 2468 serenitas

51 2475 165 2521 nantum
179 2465 349 2536 possibilitas
362 2467 446 2538 exigit
460 2466 605 2524 emendare
618 2466 762 2542 negligitis.

177 2573 287 2636 thtt.
312 2574 424 2644 rann,
437 2575 520 2644 ibid,
544 2577 596 2653 Ep.
609 2595 692 2638 xxxv.

73 2691 232 2762 Gregorius
243 2691 344 2753 iictori
355 2703 382 2751 ct
395 2693 528 2757 Columbo
543 2697 679 2768 episcopis
693 2697 799 2756 altrice.

62 2782 264 2860 Corriperitnus
277 2784 474 2848 Donatistarum
483 2788 609 2854 stimulos
621 2789 662 2847 sic
676 2789 703 2850 iu
714 2791 767 2852 illis
777 2806 837 2863 par·
886 2791 1052 2866 jussionum.
1081 2789 1134 2848 Sed
1160 2787 1303 2845 venientes
1330 2787 1381 2844 viri
1411 2783 1633 2844 reverendissimi
1654 2797 1689 2841 ss

51 2879 102 2935 bus
116 2891 234 2952 gregem
251 2878 375 2938 turbasse
391 2879 579 2949 boniniensi,
593 2897 626 2940 ac
639 2881 660 2942 si
678 2883 777 2942 unilins
790 2899 838 2954 pa-
888 2887 1016 2944 Alricams
1039 2885 1176 2958 prouincia
1188 2881 1310 2956 episcopi
1320 2881 1492 2939 asserrmtita
1508 2894 1570 2936 esse
1580 2879 1690 2935 incanta

52 2971 111 3026 oris
139 2970 331 3032 rssrsrlemmina
345 2981 504 3050 regeretur,
531 2975 734 3050 sublicibusque
756 2976 835 3036 uobis
889 2982 1107 3044 dissimulatione
1119 2979 1294 3052 pmrpositas,
1309 2986 1339 3035 nt
1363 2993 1413 3035 uec
1427 2975 1473 3032 Dei
1486 2974 1542 3032 illic
1554 2973 1688 3046 judicium

51 3075 70 3121 st
95 3064 171 3136 t1¹¹⁰d
192 3064 286 3130 diffie
309 3063 369 3123 ⁵5⁰0
389 3065 463 3140 iiiii
486 3063 581 3125 d¹l¹⁰iil
603 3084 657 3126 ¹¹⁰¹¹
682 3083 837 3140 ιιιιιιιιιιιιιι.
889 3077 1036 3134 baberetur
1050 3076 1183 3141 lumem,
1200 3089 1251 3131 nec
1270 3071 1434 3146 principales
1448 3068 1694 3141 bactennsjnssio·

51 3159 101 3214 ΠΜ
114 3158 229 3232 plurimi
245 3174 338 3232 eornm
351 3159 491 3230 ιθιιθιιθῑῑι
512 3160 568 3232 l'attt
582 3163 638 3220 siut
656 3163 783 3226 dentibus
797 3165 837 3221 la-
890 3171 1106 3226 tessortirentnr
1125 3165 1251 3223 edectum
1278 3183 1286 3220 s
1305 3165 1358 3221 lsoc
1383 3165 1465 3220 etiam
1495 3161 1691 3233 subjungentes

51 3254 111 3310 ieri.
143 3253 269 3328 neruique
284 3251 439 3311 sacerdolali
457 3256 604 3322 munificos
624 3257 782 3328 panvinius
801 3257 837 3317 da
850 3253 874 3330 ss
889 3261 961 3334 quod
989 3262 1019 3318 lu
1046 3259 1160 3331 prelata
1182 3257 1321 3329 provincia
1345 3249 1552 3314 Donatistarum
1564 3253 1691 3327 penum

52 3351 86 3406 ris
105 3351 236 3408 ecclesiis
251 3350 404 3409 temeritate
418 3351 564 3421 repellere,
576 3359 603 3415 ct
613 3352 713 3413 ttrnitos
726 3352 838 3426 insuper
889 3355 1100 3430 prevalentibus
1117 3356 1184 3411 frdes
1195 3353 1328 3411 oatboliea
1341 3353 1448 3424 publice
1459 3349 1641 3410 vcnrmdntnr.
1653 3349 1690 3405 lt

51 3445 130 3502 nibus
151 3445 271 3503 salutem
294 3444 511 3516 regenerationis
535 3459 604 3516 aqua
625 3447 778 3518 prebuerat
794 3462 838 3504 ra-
889 3455 983 3505 coutra
998 3446 1188 3520 gloriososvir
1201 3445 1359 3504 Gennadius
1381 3444 1417 3502 de
1431 3460 1486 3500 nno
1501 3459 1597 3500 eorum
1621 3441 1690 3499 mibi

51 3543 215 3614 sprtzantes,
231 3543 363 3618 pravitate
377 3542 571 3624 nefrmdissima
585 3545 725 3603 necavisse
742 3544 838 3604 dicun·
888 3543 989 3602 similia
1005 3552 1118 3614 questus
1133 3551 1176 3598 est
1195 3541 1243 3610 qni
1256 3541 1319 3596 talia
1333 3540 1519 3613 querebatur,
1542 3539 1587 3595 sui
1604 3539 1689 3594 etiam

52 3650 84 3690 rr.
100 3635 168 3704 Quae
180 3651 227 3692 res
241 3638 347 3698 animos
361 3644 470 3697 nostros
483 3636 561 3695 valde
573 3637 748 3696 mmstiiicant
764 3638 837 3710 qood
889 3635 942 3692 duo
953 3633 999 3692 alii
1012 3635 1080 3691 certi
1094 3635 1121 3690 iu
1131 3633 1226 3690 eadem
1243 3651 1273 3689 rc
1284 3631 1468 3694 testimonium
1479 3631 1611 3688 forebant.
1629 3631 1685 3687 sod

51 3727 109 3784 obis
125 3726 182 3784 illic
195 3727 291 3798 positis
302 3727 437 3792 damnata
449 3730 652 3799 presumptioni
664 3739 767 3790 tantum
778 3745 838 3788 sce-
888 3729 950 3801 qnia
971 3743 1053 3798 pansa
1067 3727 1125 3799 ipsa
1141 3726 1241 3798 indicis
1260 3726 1398 3782 srecnluris
1410 3724 1558 3790 intererat,
1571 3722 1682 3781 cosdem

52 3833 76 3874 rs
91 3828 253 3889 perpetrare
267 3817 393 3888 licrrerit,
408 3835 460 3890 qus
480 3819 516 3880 rio
533 3835 564 3884 ιι
575 3820 771 3882 fraternitatem
791 3838 838 3880 ve·
888 3821 1034 3892 episcopos
1054 3819 1088 3876 ari
1101 3819 1211 3894 pietatm
1225 3829 1323 3881 vestras
1335 3819 1489 3877 existimari
1502 3833 1565 3876 esse
1576 3818 1690 3888 vestigia

51 3915 241 3986 transcriptis
255 3913 465 3978 decurrentibus
479 3914 678 3982 unisonarum,
702 3925 732 3972 nt
746 3916 838 3975 babita
889 3916 1066 3988 dirigendos.
1088 3925 1119 3980 nt
1145 3931 1195 3988 per
1208 3917 1370 3987 semetipsos
1381 3914 1565 3974 serenissimis
1579 3913 1691 3968 ausibus

51 4015 149 4062 iactatu
165 4007 287 4078 initoque
299 4007 438 4073 concilio,
463 4008 500 4064 ita
522 4011 642 4066 nascenti
669 4010 731 4068 lanio
747 4009 838 4069 adbuc
888 4018 1034 4082 suggerant
1054 4023 1116 4081 quas
1129 4008 1290 4066 sefareotur
1307 4023 1358 4080 pro
1375 4007 1428 4062 tirio
1441 4005 1575 4062 carboiiea
1597 4012 1691 4076 partu·

52 4099 130 4154 ¹⁰f¹l⁰
147 4099 328 4166 ἰΙιΙιίιιιῑθιιιι
343 4108 399 4164 iniit
418 4101 519 4163 lirinis
540 4101 663 4162 debentis
685 4105 835 4174 obsistens,
888 4103 962 4161 lisso.
987 4103 1025 4160 lla
1040 4111 1150 4175 proptm
1163 4102 1277 4158 obsecro
1296 4110 1327 4157 nt
1345 4100 1518 4157 dominorum
1530 4096 1691 4154 Girristiaui-

52 4191 183 4248 ,ammodo
209 4192 351 4261 nequires
374 4207 407 4251 ex
433 4193 557 4264 neglectu
573 4198 720 4269 percipiat,
737 4212 788 4254 ιιιι
809 4199 836 4261 in
889 4207 931 4256 tas
946 4195 1204 4269 prosaioreanimrc
1226 4202 1254 4252 et
1275 4193 1332 4251 vito
1355 4193 1484 4264 piissima
1504 4190 1688 4256 sobolissnas,

52 4284 181 4340 rsrrsmisso
196 4283 275 4344 vobis
294 4299 376 4358 grege
397 4285 562 4357 pestilentie
576 4287 674 4348 darona
687 4291 835 4348 concutiat.
887 4305 1018 4364 eosquos
1028 4289 1096 4348 tales
1111 4303 1172 4346 assa
1185 4287 1336 4360 cognoscit,
1347 4285 1471 4354 disrrisra
1485 4282 1690 4354 ulciscijossio-

887 2519 982 2568 contra
1017 2509 1218 2564 Donatistarum
1251 2506 1490 2579 nsgiriostsstnsam
1527 2505 1690 2576 pravitatem

887 2598 1620 2674 consideratiouejustitiaestaincerissimaereligionis
1630 2596 1692 2654 seio

888 2703 1026 2756 commota
1048 2697 1084 2752 sit
1103 2693 1268 2751 directarum
1287 2691 1454 2750 lucidissimo
1476 2699 1555 2747 tensis
1568 2689 1690 2746 imiunat

887 4399 924 4446 rac
939 4383 1088 4457 precipiat,
1101 4382 1248 4443 struinam
1262 4379 1432 4450 percuntium
1444 4376 1595 4450 ereptionis
1604 4389 1687 4445 usaqn

887 4476 1047 4546 suspendat,
1060 4483 1145 4545 atqua
1159 4472 1262 4530 insanis
1282 4471 1419 4528 montibus
1431 4467 1613 4538 enmeprinuts
1632 4481 1690 4522 ures

888 4559 1007 4626 diciriam
1019 4566 1168 4632 adbibeat,
1189 4573 1218 4620 ct
1228 4578 1355 4622 errorum
1366 4563 1402 4619 ab
1419 4561 1460 4618 eis
1476 4559 1588 4628 morbos
1598 4557 1690 4630 expel-

850 4659 927 4728 Dlat
940 4678 946 4716 ι
961 4667 1098 4732 quatenus
1110 4657 1176 4714 duaa
1189 4659 1240 4729 piro
1255 4656 1420 4728 provisionis
1435 4664 1534 4712 restra
1546 4652 1688 4717 remedio,

288 4434 357 4477 sntio
376 4435 469 4478 ιιιιιιιιιι
488 4437 578 4480 bxcvl.

160 4531 278 4590 xnvtn.
299 4531 409 4603 rnen,
427 4533 483 4612 nro.
495 4520 590 4614 qap.
605 4553 704 4596 xxxvi.

142 4645 289 4725 Gregorius
303 4646 435 4712 Columbo
448 4649 575 4728 episcopo
588 4651 733 4722 Numidi-m.

74 4743 207 4807 Praeterea
232 4764 275 4807 res
298 4749 333 4809 ad
358 4763 408 4808 nos
429 4750 540 4810 omuino
550 4751 616 4817 darn
631 4763 660 4814 ct
676 4765 759 4814 saetae
774 4753 838 4821 fidei
892 4753 1027 4827 pestiicrre
1040 4751 1182 4823 pravitatis
1190 4748 1273 4806 fuerit
1285 4749 1374 4820 caligo
1386 4748 1509 4819 depuisa,
1521 4755 1623 4811 eterra
1633 4742 1689 4800 illic

53 4838 145 4896 'iiiiii
162 4843 301 4912 ιιθῐιθιιῑῑι
323 4844 385 4914 (titii
405 4845 538 4916 quotidie}
555 4846 632 4907 nefas
648 4857 691 4908 est
709 4848 839 4908 catholici
889 4846 958 4904 ides
972 4845 1065 4902 radios
1079 4859 1137 4900 susc
1151 4843 1305 4900 serenitatis
1318 4841 1487 4913 asperserit,
1507 4837 1627 4910 cqriesris
1640 4850 1690 4890 vos

52 4932 162 4992 tortines
176 4943 204 4992 et
218 4935 347 5010 religiosi,
362 4935 433 5008 quod
448 4947 489 4997 cst
500 4938 637 5006 deterius,
652 4941 722 5000 friius
735 4947 837 5000 mauol-
889 4950 952 4998 ante
966 4939 1156 5009 Redemptoris
1177 4936 1262 4996 nostri
1282 4937 1376 4995 oculos
1399 4932 1555 5002 triumplms
1576 4944 1690 5001 exspoc-

52 5023 136 5096 sinqne
150 5045 197 5086 sun
211 5029 253 5087 rcl
269 5029 338 5086 alios
351 5046 420 5101 qnos
436 5032 462 5088 in
476 5041 610 5103 potestate
625 5033 736 5102 babent,
746 5036 773 5092 in
783 5035 839 5093 Do·
889 5043 946 5092 terr
970 5033 1034 5105 quia
1055 5047 1124 5104 qnos
1144 5031 1267 5089 ertaritrs
1282 5031 1318 5086 ab
1331 5028 1409 5089 bosra
1421 5024 1570 5084 defenditis
1583 5068 1591 5093 ,
1604 5023 1688 5082 eriam

52 5119 195 5178 satiatorum
211 5123 310 5182 ismresi
322 5123 451 5195 baptizari
463 5127 647 5190 consentiunt.
675 5129 710 5192 lit
730 5129 792 5190 ideo
813 5132 837 5190 si
889 5129 1029 5186 interiusa
1043 5128 1185 5188 simbolica
1197 5124 1299 5184 fraudis
1311 5132 1427 5193 veneno,
1443 5123 1517 5198 qnod
1533 5131 1576 5179 ost
1588 5118 1690 5192 gioria-

52 5221 130 5268 rerum
145 5225 184 5274 ost
196 5215 353 5277 fraternitas
363 5225 453 5278 vestra
474 5217 527 5286 ltus
538 5234 715 5295 summopere
728 5221 838 5284 modest
888 5225 956 5294 sins,
971 5224 1102 5282 liberatis.
