3950 6317
314 312 386 372 {081
912 302 1035 363 stricti
1055 300 1183 363 ortatu
1202 302 1356 363 uniscunt
1826 313 1857 371 tto

312 406 458 466 terdiotum
472 402 572 478 aliquid
584 402 693 459 faeere:
708 400 757 459 sed
770 401 897 474 pejusost
910 401 1041 457 unitatem
1055 416 1109 458 uou
1123 400 1402 473 Aquemnonridi13
1419 400 1443 457 si
1456 400 1567 473 negarit
1579 413 1655 474 quent
1667 413 1712 457 nou
1722 402 1860 474 eguminum

312 498 415 557 babere
425 512 487 555 eum
501 495 599 567 possis.
613 493 700 563 uuam
715 492 859 561 unintem,
870 492 959 564 ipsum
970 490 1109 549 Christum
1162 495 1234 566 gavit
1252 496 1296 553 eoi
1321 494 1387 551 nibil
1408 494 1548 567 promisit;
1564 494 1587 551 si
1611 494 1686 549 semel
1697 496 1788 567 negarit.
1798 495 1860 556 barb

310 592 435 649 ridemus
446 589 625 661 praeposuisse
637 587 763 645 uindictae
777 594 846 657 tuae,
858 588 1002 660 quinegio
1016 602 1111 645 omnes
1162 586 1243 645 beato
1255 588 1337 647 Petro
1357 590 1409 645 boo
1420 602 1508 660 genus
1523 587 1625 657 peccati
1637 586 1757 644 ditrutam
1768 592 1861 661 seph

311 683 461 753 discipulos
471 695 535 737 suos
549 681 634 737 uoluit
648 681 676 735 in
695 696 751 737 uno
761 695 833 749 esse,
845 696 927 751 quum
940 679 1013 752 quod
1026 678 1112 736 olien-
1163 683 1234 755 quod
1251 698 1313 741 eum
1327 684 1508 755 interrogaret
1527 682 1648 737 cbristus
1660 698 1740 738 omnes
1750 688 1862 753 quemuis

310 793 359 836 sus
374 780 460 836 iuerat
469 776 623 834 vindicare:
637 776 697 851 (tt)
709 776 773 833 duro
786 776 870 832 nollet
878 791 908 831 se
920 776 1025 847 negari,
1048 789 1112 846 pro·
1165 777 1254 834 mines
1264 777 1397 844 dioerent,
1412 790 1481 832 unus
1494 774 1563 831 dixit
1574 773 1668 841 Elium3
1680 776 1738 831 riter
1747 777 1863 847 diripitur

228 928 233 935 ,
311 869 387 927 tuisit
403 885 434 927 se
452 868 524 941 opud
538 868 648 925 Putrem
661 877 822 941 negaturum
842 884 915 935 esse,
928 869 974 939 qui
990 884 1020 924 se
1033 882 1114 940 negu-
1164 878 1238 927 tarn:
1257 880 1320 926 tuno
1333 868 1458 925 cbristus
1471 867 1578 925 dixisse
1591 866 1753 939 legimnlu
1762 874 1864 937 putrui·

312 970 356 1019 ret
375 971 401 1029 ⁸,
424 972 453 1019 et
473 960 562 1018 loum
578 962 637 1018 brec
652 963 691 1017 ita
707 972 719 1003 ⁰
735 964 837 1033 scripta
850 964 916 1029 siut,
937 970 1026 1017 tamen
1043 962 1114 1018 bono
1165 963 1225 1019 ririr
1246 979 1300 1019 erre
1312 964 1347 1018 tl
1368 964 1446 1019 eluit
1462 961 1502 1017 ilii
1521 961 1619 1018 Petrus
1633 959 1683 1015 :Tu
1698 978 1722 1015 nr
1738 959 1803 1015 liin
1812 962 1865 1016 biri

311 1054 697 1122 unitatisbestusPetrus,eui
708 1054 1115 1127 satiseratsipootquodnega-
1167 1057 1275 1133 (Horti.
1292 1074 1347 1123 rvr,
1362 1058 1396 1114 rt
1407 1066 1430 1113 et
1446 1056 1501 1131 id).
1516 1056 1571 1113 Pro
1582 1070 1633 1125 qm
1650 1055 1768 1127 agnitione
1779 1055 1866 1113 bobio

313 1150 362 1218 rit,
371 1150 459 1207 solam
474 1151 583 1209 vertiam
595 1159 810 1223 consequeretur
821 1149 846 1215 ⁴,
866 1159 895 1207 et
907 1150 1029 1223 praelerri
1044 1153 1116 1221 Apo-
1166 1164 1200 1206 oo
1215 1148 1360 1207 meruith:
1375 1150 1443 1205 Ecce
1462 1148 1468 1187 ί
1490 1148 1599 1205 caeteris
1617 1162 1667 1203 non
1686 1147 1866 1218 agnuuritsi

313 1243 393 1301 stolis
403 1243 531 1301 omnibus
543 1244 654 1310 meruit,
665 1254 692 1301 et
705 1245 796 1301 eiures
809 1246 884 1315 regni
895 1244 1029 1303 eoelorum
1038 1244 1116 1318 Μ
1168 1243 1233 1299 lium
1248 1242 1307 1309 Dei,
1326 1240 1400 1298 solus
1414 1241 1511 1297 Petrus
1526 1241 1646 1313 agnouit.
1657 1240 1746 1296 ilciude
1757 1240 1796 1295 sub
1805 1241 1867 1311 depr

314 1336 554 1393 mnimooterndss
567 1338 685 1404 cereris,
702 1337 776 1393 solrrs
788 1337 906 1407 recepit.
930 1336 1006 1393 Bono
1029 1338 1118 1393 unita·
1169 1339 1264 1403 sionis,
1277 1352 1338 1393 cum
1349 1336 1454 1395 dieerot
1467 1334 1593 1392 cbristus
1607 1352 1615 1389 :
1630 1334 1690 1391 Erre
1703 1344 1776 1391 terum
1791 1335 1869 1406 uqu'rs

316 1430 362 1495 tis,
376 1429 530 1501 sepelienda
545 1444 606 1487 esso
618 1440 729 1501 petuma
740 1430 805 1487 irino
817 1430 931 1501 intelligi
942 1429 1033 1497 detur,
1046 1428 1117 1501 quod
1170 1451 1257 1490 orirer
1268 1430 1376 1506 (narrt.
1387 1448 1460 1496 tarr,
1471 1430 1530 1503 δί).
1542 1430 1697 1487 Tacentibus
1709 1429 1801 1492 eaeterb
1811 1430 1868 1483 urbs

315 1524 488 1582 beatissimus
502 1525 601 1583 Paulus
618 1524 856 1597 Apostolusdioat,
865 1526 1026 1583 ebaritstem
1040 1542 1119 1596 posse
1169 1525 1294 1599 promisit
1308 1538 1548 1581 uon-recessurum
1565 1542 1572 1577 :
1589 1523 1623 1579 de
1636 1521 1780 1594 praeimus
1791 1520 1870 1577 binii

317 1614 462 1673 obstruere
475 1616 675 1673 multitudinem
698 1629 891 1689 peecatorum:
909 1616 997 1675 Onera
1010 1618 1119 1691 (inquit)
1170 1620 1225 1678 ait:
1252 1618 1338 1688 Pure,
1361 1626 1498 1691 ωιιιςιιαηι
1515 1618 1601 1689 quibu
1623 1625 1707 1683 onitu,
1729 1626 1761 1671 ter
1776 1630 1805 1667 nr
1820 1614 1871 1683 uui

315 1708 1120 1783 uuranucmrmrtrere(Germa),etatiotoeoaunla-
1172 1712 1254 1789 (ibid.
1276 1711 1334 1783 st).
1363 1710 1490 1767 Additum
1516 1718 1558 1767 est
1584 1707 1653 1763 aliud
1670 1707 1700 1763 ad
1720 1706 1803 1777 pondu
1814 1706 1871 1775 pout

217 1819 224 1826 ·
314 1801 1121 1877 daemomonum:rmntmmnrscturtmruom-
1135 1798 1160 1863 B
1174 1806 1338 1879 promissum
1349 1804 1455 1861 seilicet
1465 1802 1537 1875 quod
1552 1818 1606 1859 non
1620 1812 1675 1859 erst
1686 1798 1872 1871 impleturuiso

315 1894 776 1966 lstsrxburr‘turrrorrindutsrrnon
785 1897 878 1967 quoerit
888 1912 946 1967 quse
958 1912 1004 1953 tuo
1019 1906 1079 1951 ruut
1099 1896 1122 1965 (i
1172 1914 1254 1972 quam
1268 1898 1294 1954 in
1308 1898 1419 1954 domurn
1431 1891 1872 1968 eatpbsdoomsesrcbuunum·

317 1986 1123 2061 Gor.arrr,det5):etbeuedisitliaeoenimomniariderat
1173 2005 1264 2048 suram
1278 1991 1369 2047 delicti
1390 1988 1590 2061 complendam,
1604 1988 1638 2045 de
1659 1996 1726 2042 tanto
1741 1984 1872 2041 nuneoudb

318 2082 348 2138 in
356 2083 487 2154 apostolis
500 2082 619 2149 ceteris,
626 2084 672 2154 qui
686 2083 759 2139 bono
772 2083 894 2149 unitatis,
902 2098 951 2156 per
959 2083 1122 2141 ebaritatem
1173 2084 1242 2141 stim
1256 2085 1439 2155 interrogatur
1456 2090 1557 2155 praeter
1578 2082 1683 2137 beatum
1703 2079 1806 2136 Peuma:
1817 2078 1873 2131 imi

319 2174 491 2233 noluerunta
505 2177 696 2233 eonrmuuiono
706 2177 778 2233 Petri
794 2178 935 2246 recedere,
946 2178 1006 2250 ejus
1018 2178 1123 2235 scilieet
1173 2187 1255 2251 gatus
1266 2178 1353 2249 primo
1364 2185 1458 2247 negat;
1474 2176 1655 2246 interrogatus
1667 2172 1873 2242 tembrogium

322 2269 370 2339 qui
385 2267 530 2339 negaverat
549 2269 699 2327 Cbristunr.
715 2270 793 2341 Quod
812 2272 836 2329 si
850 2273 938 2345 ntajor
951 2282 1025 2331 esset
1046 2288 1123 2331 arnor
1174 2271 1243 2327 dixit
1267 2283 1298 2325 se
1318 2268 1456 2325 Christum
1476 2267 1590 2323 omuino
1611 2282 1664 2321 non
1684 2278 1765 2319 noue:
1781 2272 1801 2317 et
1815 2260 1873 2315 urus

321 2360 498 2431 innocentie,
513 2376 594 2433 quam
613 2362 715 2419 utilitas
730 2364 805 2435 puois
816 2376 844 2420 et
864 2364 987 2433 unitatis,
1000 2364 1123 2423 dicerent
1174 2365 1276 2435 gallum
1302 2377 1355 2419 oon
1370 2372 1399 2417 ut
1412 2370 1534 2432 tempora
1554 2368 1636 2415 contu
1649 2372 1696 2414 suu
1706 2350 1872 2426 distinguntur

323 2470 354 2511 se
377 2470 431 2513 uon
444 2455 546 2513 debere
567 2458 772 2515 communicare
792 2458 885 2528 Petro,
906 2459 952 2528 qui
976 2468 1123 2531 negaverat
1175 2469 1205 2515 ut
1225 2472 1352 2530 peccasse
1374 2472 1405 2513 se
1428 2456 1526 2513 beatus
1547 2454 1644 2511 Petrus
1665 2446 1871 2523 agnosceret-lium

323 2550 493 2622 magistrum,
518 2558 547 2607 et
570 2550 619 2609 bei
642 2550 740 2609 Filium
756 2553 910 2609 bominum.
933 2552 1049 2609 Possent
1069 2568 1123 2611 non
1175 2552 1261 2609 doluit
1273 2566 1376 2618 amare,
1390 2560 1419 2607 et
1432 2549 1506 2607 derit
1523 2549 1650 2607 ubertim.
1664 2547 1738 2613 Ecce,
1754 2555 1776 2600 ut
1791 2540 1872 2613 supult-

322 2642 523 2699 communicare
536 2641 667 2715 (utsupra
680 2643 846 2717 dictumest)
858 2644 1120 2703 bestissimol‘etro:
1174 2654 1232 2703 tum
1245 2654 1296 2711 est,
1310 2645 1417 2702 ceteris
1431 2660 1486 2701 non
1500 2642 1708 2715 agnoscentibus
1719 2640 1739 2707 i,
1748 2632 1871 2704 musnet:

323 2747 435 2807 possem
445 2747 540 2793 eontra
554 2738 630 2794 illum
645 2740 763 2795 recitare
776 2740 858 2796 rerba
871 2738 983 2805 Christi,
998 2740 1043 2811 qui
1062 2753 1124 2811 pro-
1175 2740 1281 2799 eaeteris
1299 2754 1354 2796 non
1375 2738 1595 2810 promittentibus
1607 2736 1682 2792 solus
1696 2732 1810 2808 prom'sit:
1823 2738 1874 2783 aaut

323 2827 437 2885 tuisurat
449 2837 610 2901 negaturum
624 2846 656 2887 se
669 2846 732 2888 esse
744 2832 815 2901 apud
827 2830 947 2898 Patrem,
962 2847 1025 2889 euru
1041 2831 1124 2905 quise
1175 2847 1228 2891 neo
1248 2832 1332 2889 semel
1349 2830 1530 2902 negantibus,
1548 2838 1591 2887 ter
1606 2829 1680 2887 solut
1698 2827 1822 2899 omnus
1833 2832 1873 2874 but

324 2932 418 2975 eoram
431 2918 586 2978 bominibus
598 2933 734 2996 negasset.
762 2925 802 2980 tu
816 2940 896 2996 quarn
912 2924 1026 2983 lormorn
1044 2925 1125 2983 debet
1175 2925 1247 2985 bono
1262 2926 1388 2996 unitatis,
1403 2925 1437 2983 de
1451 2940 1568 2983 numero
1578 2924 1757 2998 Apostolorum
1767 2919 1873 2991 sundri

324 3011 472 3084 diligenter
484 3016 606 3073 attendi:
633 3017 668 3073 de
680 3033 732 3089 qna
747 3017 811 3075 dum
828 3036 912 3090 pauca
926 3016 1123 3090 commemoro,
1175 3020 1285 3075 meruit.
1307 3018 1382 3075 Unde
1397 3018 1558 3093 intelligitur
1571 3018 1661 3075 omnia
1673 3016 1777 3074 ordinata
1787 3008 1874 3078 sepsi·

324 3105 413 3178 ipsius
425 3107 512 3163 suncti
527 3106 601 3165 Petri
614 3107 753 3167 beatitudo
766 3111 871 3168 renisio
888 3112 999 3180 tribuat,
1013 3114 1035 3169 si
1059 3113 1124 3170 illud
1176 3110 1267 3169 dentia
1281 3112 1442 3179 Salvatoriu,
1458 3114 1554 3185 utipse
1568 3114 1700 3185 acciperet
1706 3110 1788 3168 clares.
1799 3100 1874 3161 birth*

325 3214 541 3261 commemorare
553 3203 727 3277 videorquod
740 3206 840 3265 lactum
854 3218 963 3291 constat
974 3218 1002 3265 et
1010 3189 1125 3282 legitur:
1139 3190 1163 3256 C
1178 3214 1220 3265 est
1239 3207 1348 3265 malitie
1372 3207 1426 3275 ria,
1447 3222 1482 3264 ne
1503 3207 1622 3279 apostoli
1644 3208 1729 3263 auimo
1746 3192 1875 3265 lieert'as'rl·

325 3292 421 3349 dubito
432 3293 524 3353 dicero
538 3311 667 3367 peccasse
683 3307 785 3356 tanum
799 3300 989 3369 sanctitatem
1005 3302 1053 3359 sed
1068 3302 1127 3374 ipse
1177 3300 1256 3357 eundi
1271 3300 1460 3371 conciperent,
1475 3308 1503 3358 et
1526 3316 1625 3358 serere
1637 3289 1887 3357 contemperatione*

326 3383 380 3443 boo
397 3386 498 3445 loetum
522 3390 632 3460 probat,
656 3390 704 3462 qui
726 3399 755 3447 et
772 3391 858 3449 doluit
875 3408 978 3461 sorore,
1005 3402 1033 3451 et
1054 3393 1129 3451 derit
1178 3402 1326 3465 negaverat
1338 3392 1487 3451 Christum.
1504 3394 1583 3452 Stant
1597 3402 1638 3451 tot
1652 3394 1822 3453 innocuisset
1834 3394 1875 3453 trit

327 3479 458 3548 ubertim,
470 3481 516 3553 qui
530 3497 581 3540 neo
595 3483 700 3541 doleret
714 3500 765 3541 neo
777 3484 866 3551 deret,
881 3490 904 3543 si
918 3488 992 3544 nulla
1007 3489 1127 3545 interre-
1180 3498 1224 3545 tor
1234 3487 1333 3559 accipit
1345 3487 1447 3553 clares,
1464 3497 1492 3545 ut
1507 3486 1620 3546 unitatis
1645 3487 1768 3559 negotium
1786 3482 1873 3535 tiniam

328 3570 413 3627 nisset
425 3572 550 3631 oderisio.
567 3574 659 3632 Potuit
670 3588 682 3615 ⁰
694 3578 788 3649 utique
799 3589 880 3651 eaput
892 3581 1079 3653 apostolorum
1093 3583 1129 3638 ita
1181 3580 1321 3637 Provisum
1336 3586 1379 3637 est
1397 3590 1425 3635 ut
1439 3590 1567 3650 peccator
1586 3579 1703 3651 aperiret
1720 3570 1875 3633 torrebitur·

329 3677 360 3719 se
371 3664 534 3734 gubernare,
549 3678 578 3723 ut
590 3668 659 3725 nibil
678 3670 829 3729 incurreret
848 3675 920 3746 quod
936 3674 1064 3732 doleret:
1081 3676 1129 3733 sed
1181 3676 1341 3731 innoeentes
1362 3674 1522 3731 clauderent
1540 3680 1636 3729 eontra
1654 3680 1788 3744 peooetoru
1800 3666 1817 3732 l,
1829 3666 1876 3723 up

330 3755 393 3812 ideo
408 3757 467 3831 (td)
492 3760 519 3815 iu
534 3776 588 3818 uno
605 3762 683 3819 titulo
703 3765 763 3836 ejus
787 3766 873 3821 intrito
887 3766 1014 3824 uidentur
1028 3776 1129 3837 errato,
1182 3767 1389 3825 neeessariaest
1402 3766 1501 3833 unitas,
1520 3780 1582 3823 esse
1603 3781 1657 3821 uon
1672 3772 1761 3836 posset.
1771 3754 1874 3816 bardili·

330 3858 359 3907 ut
383 3860 476 3921 posset
494 3854 602 3909 ostendi
624 3855 697 3912 bono
719 3858 830 3914 unitatis
848 3858 940 3916 onmia
953 3860 1055 3919 debere
1075 3861 1130 3918 ileo
1182 3860 1381 3927 memorareris,
1406 3859 1608 3917 communicare
1627 3860 1766 3931 cupienten
1781 3848 1876 3925 quadiu

330 3943 444 4000 serrari.
460 3945 494 4001 Et
516 3948 609 4004 nesmo
628 3963 663 4004 an
687 3948 714 4005 in
729 3953 816 4008 altero
830 3951 884 4008 boo
902 3969 988 4025 genus
1013 3956 1128 4025 peccati,
1183 3955 1322 4015 Gatbolica
1336 3954 1381 4026 pio
1392 3955 1452 4011 sinu
1467 3910 1887 4026 srrsctperedubinretbcuebimi

330 4036 397 4092 tanti
422 4036 550 4109 ponderis
571 4055 633 4097 esse
657 4043 752 4111 possit,
775 4054 879 4116 quanto
901 4046 929 4101 in
944 4045 1025 4103 beato
1050 4047 1131 4104 Petro
1184 4056 1348 4106 constetros
1361 4062 1415 4103 nou
1429 4046 1572 4103 traditores
1583 4060 1655 4113 esse,
1669 4035 1871 4101 sediliostraiintt

332 4125 417 4185 luisse
431 4130 603 4188 manifestum
618 4144 672 4191 est.
687 4135 815 4208 Quisquis
825 4136 897 4194 enim
914 4138 984 4196 iorte
998 4140 1025 4197 in
1041 4140 1132 4214 aliqua
1221 4140 1266 4197 tv.
1283 4138 1426 4195 donatistis
1445 4155 1498 4195 nort
1511 4148 1596 4195 nutem
1611 4136 1740 4195 Cutboiiris
1754 4116 1877 4213 corrueritisd

333 4223 523 4291 mullione
546 4228 654 4297 negauit
674 4225 774 4285 Filium
797 4230 857 4298 Dei,
879 4231 907 4286 iu
928 4210 1134 4306 comparatione
1186 4232 1329 4290 dictumest
1341 4231 1476 4287 derrrusoir
1489 4210 1878 4293 moutam.-1ianutquiutd

334 4312 407 4373 beati
426 4316 499 4375 Petri
517 4318 651 4379 ridebitur
668 4320 755 4382 levius
782 4321 793 4362 ¹
814 4322 961 4398 deliquisse
981 4326 1005 4383 si
1029 4326 1137 4401 nqauit
1188 4329 1311 4387 uolentes
1330 4342 1381 4384 nos
1403 4326 1511 4400 populis
1524 4329 1582 4383 suis
1594 4306 1887 4385 contenueitosrsedli

963 4464 1381 4572 unurrounsmnnurus.

1886 4774 1887 4849 i

336 4679 338 4692 '
369 4675 391 4751 ἰ
399 4672 428 4726 iu
439 4672 513 4747 orbitis
522 4674 576 4746 bace
586 4674 732 4747 objiciuntur
742 4687 749 4725 :
758 4672 951 4746 upudbnnmet.
961 4674 990 4725 tit
1003 4685 1051 4747 nort
1062 4679 1142 4744 tumus
1154 4696 1182 4757 D
1227 4677 1239 4705 ⁰
1252 4673 1281 4725 in
1293 4686 1351 4725 msa.
1365 4672 1392 4725 S.
1400 4670 1430 4753 Τ
1439 4676 1467 4724 et
1477 4671 1507 4724 P.
1519 4671 1546 4723 S.
1558 4674 1587 4745 Et
1598 4668 1682 4736 pontit.
1700 4730 1705 4743 ⁸

337 4748 419 4797 nourr
430 4744 541 4801 promus
559 4744 701 4800 prmuurrurr
715 4742 864 4801 wnpturmn
882 4734 991 4800 uirquurrr
1003 4748 1044 4800 qru
1060 4736 1141 4786 tradr-
1226 4735 1238 4775 ἲ
1253 4734 1281 4787 ln
1289 4750 1347 4787 mss.
1360 4737 1386 4787 S.
1395 4736 1425 4789 Τ.
1436 4743 1463 4788 et
1474 4736 1503 4787 P.
1517 4735 1544 4785 S.
1556 4736 1652 4787 urduru·
1661 4730 1744 4785 butu·

337 4799 412 4851 disset
424 4796 584 4861 :prouiurest
602 4796 667 4850 edm
682 4810 773 4864 uequre
784 4810 838 4851 eurr
854 4797 999 4875 qnioeutrs
1011 4798 1053 4861 rit,
1068 4810 1142 4861 quoru
1227 4798 1280 4849 ulo
1292 4812 1351 4851 mae.
1365 4802 1392 4850 S.
1403 4800 1433 4851 Τ.
1443 4798 1508 4850 etP.
1520 4798 1546 4849 S.
1559 4805 1595 4860 tu,
1608 4790 1833 4861 Petrensium&
1840 4775 1870 4827 fi
1886 4850 1887 4867 χ

337 4854 470 4935 trudidia'se
482 4862 555 4913 uerbu
565 4873 620 4926 quoe
631 4858 724 4914 locutus
735 4860 776 4913 sit.
788 4863 850 4913 Suut
860 4870 906 4915 ista
915 4862 1046 4914 manifeste
1057 4861 1143 4911 subdi-
1198 4924 1204 4935 1
1227 4860 1314 4935 ὴΙΡοεῑ
1326 4863 1390 4934 istud
1402 4862 1505 4935 verbum
1526 4862 1553 4934 in
1570 4861 1646 4933 editis
1656 4860 1705 4910 bno
1715 4854 1790 4918 adiecti
1802 4850 1837 4897 Μ
1846 4840 1887 4905 ‚pq

372 4984 767 5039 rr..
1194 4922 1629 5061 pretiositates·
1702 5044 1707 5057 ,

400 5050 515 5100 Deestrn
525 5063 572 5100 ms.
584 5051 610 5101 S.
624 5048 654 5100 G.
1227 5063 1235 5101 t
1252 5050 1281 5101 Iu
1292 5064 1351 5101 mss.
1365 5052 1392 5101 S.
1405 5049 1436 5101 Τ.
1445 5057 1472 5101 et
1483 5049 1547 5103 P.S.
1556 5049 1663 5109 additur,
1671 5044 1750 5114 perr.

376 5110 390 5152 i
406 5111 435 5163 tn
445 5124 504 5163 mss.
520 5112 547 5164 S.
557 5112 587 5165 Τ.
603 5112 669 5164 etP.
682 5110 862 5165 siurone.
1226 5111 1279 5163 kin
1291 5126 1349 5165 mss.
1360 5112 1425 5165 8.Τ.
1440 5118 1467 5165 et
1476 5112 1506 5164 P.
1516 5112 1709 5177 spectatorem.

1023 5260 1206 5321 ventorum
1223 5258 1340 5321 NOTAE.
1886 5316 1887 5319 ,

342 5432 377 5487 tio
390 5430 494 5506 proditi
506 5430 611 5485 bouario
623 5438 647 5485 et
695 5428 814 5513 testulis,
828 5426 1021 5511 redeuordism
1034 5425 1065 5479 ub
1084 5425 1144 5481 arri-
1198 5420 1660 5505 iocmmuneprortpteurdrmsur.
1740 5487 1746 5500 ·
1851 5464 1872 5495 ,-

343 5514 392 5559 tute
405 5502 590 5574 mobebuntur,
606 5511 634 5557 ut
656 5445 774 5557 fficium
793 5497 890 5554 corito
911 5514 963 5553 unu
978 5505 1143 5579 monstretur,
1234 5490 1298 5577 (tu).
1312 5490 1383 5547 duur
1405 5493 1483 5548 uoliet
1503 5509 1531 5549 re
1545 5509 1634 5620 seffori
1649 5492 1761 5576 promisit,
1782 5491 1819 5539 etr.
1829 5472 1887 5566 defi

342 5586 367 5631 et
385 5585 503 5659 purtorer
514 5583 573 5629 sunt
588 5590 693 5659 ‘omnes
708 5572 765 5658 ⁸?d.
774 5586 839 5643 qreu
851 5586 918 5655 unus
937 5570 1089 5635 ostenditur,
1102 5570 1145 5639 qui
1199 5579 1248 5638 pro
1263 5572 1375 5649 irrrnqtus
1395 5573 1452 5665 εει.-
1471 5574 1501 5620 υι
1515 5580 1569 5634 apd
1584 5637 1591 5649 ⁵
1606 5562 1755 5649 iguorieronr¹
1766 5554 1882 5673 (2²¹³th

344 5646 1146 5787 lllttlt‘ttlll‘¹¹''“³”'·'tt⁰'¹-⁸‘”‘'⁰t''tl‘tltls
1199 5630 1883 5766 i:itt.illittttltlltd‘lilln

553 5731 615 5789 egre
635 5731 742 5773 conetur
789 5729 901 5771 aerarius
948 5729 965 5783 p
1349 5724 1365 5775 t)
1614 5748 1622 5775 ‚

348 5802 415 5844 neus
438 5790 583 5858 epistm:
610 5786 893 5844 stremonium
906 5795 943 5841 ert
963 5782 1100 5851 Dominus,
1114 5781 1148 5838 ud
1201 5791 1305 5855 propter
1316 5779 1436 5836 delictum
1450 5780 1578 5850 filiorum,
1593 5788 1648 5836 eto.
1659 5778 1694 5835 tl.
1707 5776 1798 5833 Cuttil-
1886 5784 1887 5795 ¹

348 5863 428 5913 unum
446 5859 515 5932 ideo,
538 5866 566 5913 st
579 5859 701 5914 eruiturus
713 5856 834 5929 smduret
845 5873 877 5915 eu
890 5873 953 5925 uno,
965 5870 1027 5912 mue
1036 5855 1149 5926 idipsum
1239 5852 1297 5925 (ΤΟ)
1311 5850 1345 5908 lu
1354 5868 1406 5909 uno
1416 5850 1499 5909 tituto.
1514 5850 1543 5907 in
1555 5866 1611 5909 uno
1620 5855 1733 5921 mio·
1746 5848 1826 5901 iltuit
