3950 6317
348 189 353 202 t
451 249 612 314 nathale
631 237 928 310 cahuhhdthaltsls
945 237 1182 302 whalaonis.
1555 235 1629 299 iiii

77 371 164 428 inuitus
174 369 224 427 nisi
238 367 338 428 ιιιιιιι
350 365 431 426 sentit
442 364 456 421 i
468 363 497 422 Si
511 373 539 422 et
551 363 659 422 doctior
675 369 702 420 et
717 373 781 418 acu-
794 359 821 423 Δ
833 355 924 412 omnia
945 353 1129 412 [vastationis
1142 349 1304 410 diuertleula
1314 359 1452 425 captasse,
1465 365 1527 424 qua
1544 365 1580 408 ne
1590 350 1631 407 lo·

77 467 147 522 nisset
165 461 332 526 Petilianus,
346 459 468 515 tortasse
486 456 620 528 potuisset
642 455 668 510 id
684 453 719 510 itt
735 467 781 507 ur·
837 446 925 504 ronsis
940 447 1050 518 quidem
1062 447 1219 504 causidicus
1233 446 1260 504 in
1276 444 1349 502 mala
1365 458 1449 504 causa
1461 442 1632 520 iurenissati

79 566 108 614 ut
125 555 277 628 Augustino
291 551 432 610 difficilior
445 549 544 608 luisset
565 548 722 620 responsio.
748 545 782 604 Et
831 537 921 594 Etiam
937 547 999 610 post
1012 553 1071 594 ren
1082 538 1230 610 iudicatam
1244 538 1419 610 exceptiones
1432 535 1629 599 obtendebant.

77 649 81 704 i
95 664 126 703 cx
141 644 303 702 Tertulliani
317 641 375 699 hiri
384 641 527 715 apologet.
541 640 689 711 obiecisset
703 636 779 704 illuni,
831 631 984 702 etquidem
998 647 1031 688 cx
1044 631 1107 704 jure
1121 631 1195 689 ciuili
1211 631 1344 704 repetitas
1353 647 1416 689 esse
1427 629 1585 702 iungebant:
1599 629 1635 686 dc

79 757 109 798 es
118 739 302 798 credidissent
312 735 434 804 Christo,
446 734 469 790 si
482 741 511 792 et
519 732 667 790 Christiani
680 731 783 801 potuis·
832 724 932 796 quihus
945 723 1047 796 aliquid
1064 735 1159 796 postea
1171 724 1271 781 dicam
1286 725 1408 798 Denique
1425 724 1452 780 in
1468 724 1502 780 iis
1518 739 1580 798 quae
1599 720 1635 778 ad

77 850 120 893 sse
135 830 274 891 Casaresl
289 830 343 888 Sed
361 827 507 886 Donatista
523 827 678 884 obtusiorea
699 823 784 880 luisse
833 831 891 874 rem
910 816 1090 890 principalem
1108 817 1210 889 alioqui
1235 833 1290 874 non
1311 817 1503 892 pertinebant,
1530 818 1592 889 pios
1608 825 1637 874 et

77 941 212 998 ur,quam
227 932 256 981 ut
266 921 404 996 potuerint
419 921 499 978 ualde
509 933 630 994 pungere
645 930 784 992 premere·
834 909 967 980 temporis
981 917 1010 968 et
1025 909 1170 966 uerborum
1187 919 1378 982 consumptum
1390 910 1492 970 lrustra
1506 910 1553 968 hic
1567 909 1636 978 luit,

77 1017 250 1078 luersarium.
265 993 368 1074 Saltem
392 1013 510 1072 luissent
534 1013 624 1068 minius
647 1009 740 1076 aulici,
756 1016 785 1064 ut
834 1017 916 1076 quam
935 1001 963 1060 ia
980 1017 1012 1060 ea
1030 1001 1183 1076 quaestione
1201 999 1237 1059 de
1256 1016 1311 1074 qna
1325 1003 1384 1060 sola
1397 1004 1545 1062 collatores
1554 1016 1638 1078 agere

77 1115 181 1182 sarlos,
207 1111 290 1183 siqui
314 1109 394 1166 nimis
409 1106 490 1164 aulici
513 1114 602 1173 erant,
614 1103 724 1176 justiori
738 1117 786 1160 ex·
835 1094 983 1154 dehebant.

77 1209 163 1264 atione
180 1205 368 1275 castigassent.
390 1199 481 1258 Eatcri
495 1198 568 1256 euim
588 1197 722 1270 cogimur,
736 1209 786 1266 op-
873 1188 942 1264 Age,
957 1203 1030 1247 nunno
1042 1188 1077 1247 dc
1086 1204 1171 1247 causa
1183 1188 1325 1262 principali
1338 1190 1435 1247 iterum
1446 1196 1637 1261 cognoscatur,

77 1318 100 1356 ιι
111 1314 172 1356 csse
184 1308 212 1353 ut
220 1294 317 1354 aulicis
329 1293 448 1366 strophis
457 1291 554 1364 religio
565 1306 619 1347 non
631 1289 787 1345 innuolratur
838 1293 867 1342 et
880 1284 941 1357 quis
956 1284 1017 1358 eius
1029 1295 1117 1343 status
1128 1285 1221 1355 luerit,
1234 1286 1385 1344 rideamus.
1401 1285 1439 1344 Ut
1454 1285 1559 1342 duobus
1574 1300 1638 1342 acr-

77 1397 183 1461 lluatur,
196 1391 290 1464 quales
301 1387 414 1446 nimium
427 1387 491 1460 ipsis
505 1386 655 1443 Darnalistis
667 1383 786 1440 lumilia·
840 1379 882 1438 his
895 1380 1000 1450 dicam,
1015 1379 1132 1454 questio
1145 1382 1197 1460 luit
1217 1381 1252 1440 de
1267 1381 1410 1439 Ecclesia:
1425 1396 1460 1437 ιι
1483 1381 1543 1438 hac
1566 1387 1641 1437 osset

77 1505 140 1554 rere.
169 1487 239 1557 Quid
255 1485 343 1544 dicam
363 1482 520 1541 hiricanam
542 1480 705 1546 Ecclesiam,
726 1492 787 1550 quae
839 1488 923 1545 penes
936 1471 1103 1542 Catholicae,
1116 1491 1151 1533 an
1167 1492 1232 1534 vero
1250 1477 1417 1534 Donatistas.
1432 1475 1488 1535 Sed
1501 1471 1642 1532 tauntodil·

83 1581 153 1640 domi
169 1596 225 1637 sua
239 1577 330 1634 nullos
344 1587 391 1633 aut
405 1577 583 1647 imperatores
597 1585 645 1630 aut
659 1588 737 1646 reges
747 1571 787 1628 ri·
838 1567 938 1627 licilior
952 1569 1112 1642 dijudicatio
1126 1569 1189 1640 luit,
1200 1571 1273 1644 quod
1288 1569 1436 1644 utrobique
1449 1584 1535 1643 prope
1545 1569 1642 1627 eadem

83 1718 91 1745 ,
116 1673 194 1746 paulo
209 1679 271 1744 post
285 1670 406 1726 sensisse
418 1668 483 1740 quid
497 1669 534 1725 sit
545 1668 614 1724 tales
640 1667 740 1724 hahere
759 1665 787 1722 in
840 1664 940 1736 alioqui
952 1674 1065 1722 sonaret
1078 1665 1218 1734 doctrina,
1231 1675 1261 1724 et
1274 1666 1362 1723 lorma
1378 1667 1476 1724 similis
1497 1665 1642 1737 conspice·

77 1769 130 1834 inu,
145 1765 238 1837 quales
249 1761 344 1819 habuit
358 1761 515 1836 Vandalosi
527 1759 604 1818 Tunc
620 1761 711 1832 igitur,
723 1766 789 1814 tunc
802 1749 827 1812 lt
840 1768 916 1815 retur
928 1775 936 1814 ι
958 1759 1013 1816 imo
1030 1767 1059 1816 et
1070 1759 1174 1816 easdem
1191 1758 1318 1843 formulae
1331 1759 1502 1829 annituntur,
1521 1759 1601 1818 sicuti
1615 1766 1645 1816 et

77 1875 138 1916 uum
152 1854 269 1913 tribunal
283 1854 412 1922 citata‚in
426 1869 480 1926 quo
492 1853 583 1910 Ariani
597 1851 734 1909 antistites
744 1866 790 1907 re·
842 1852 965 1924 Optatus,
988 1852 1037 1910 lib.
1048 1869 1077 1921 t,
1098 1853 1244 1926 siguificat.
1259 1853 1354 1927 Neque
1373 1846 1477 1912 temere
1489 1863 1552 1921 est,
1570 1852 1645 1926 quod

77 1964 117 2010 unt
131 1995 139 2020 ,
167 1950 374 2021 subscripsisset
398 1948 550 2006 Donatistis
575 1945 791 2004 exclamantibus
841 1943 1010 2020 hangustiuus
1019 1948 1046 2002 in
1058 1946 1107 2004 lib.
1117 1946 1152 2004 de
1163 1963 1228 2005 vera
1240 1949 1327 2021 Delig.
1338 1963 1399 2022 cap.
1410 1950 1439 2016 5,
1451 1965 1506 2007 nou
1518 1949 1601 2007 modu
1615 1949 1645 2006 in

95 2047 235 2119 Dptatum,
253 2043 322 2111 Quid
336 2043 466 2116 episeopis
489 2057 548 2097 enm
564 2039 692 2096 Palatio?
712 2037 792 2095 Nunc
842 2037 1026 2097 schismaticis
1044 2039 1072 2096 id
1092 2039 1239 2105 obseurat,
1254 2041 1303 2098 sed
1318 2042 1401 2099 etiam
1428 2042 1456 2100 in
1482 2043 1646 2115 quibusdam

77 2155 120 2196 em
142 2137 172 2193 ad
192 2137 394 2194 Donatistarum
417 2134 597 2192 Collationem
618 2132 791 2204 fugitantium
844 2129 991 2199 haereticis,
1007 2130 1194 2190 athriauiset
1207 2132 1388 2191 Photiniauis.
1403 2133 1567 2192 harricbaos
1580 2149 1647 2192 acro

80 2232 172 2290 itiones
186 2241 266 2304 atque
288 2229 539 2302 tergiversationes.
553 2227 607 2284 Sed
623 2227 685 2298 quis
696 2241 793 2283 onnnues
843 2235 872 2282 ct
885 2226 1033 2283 nonnullos
1044 2227 1115 2282 alios
1129 2227 1168 2282 ait
1179 2225 1264 2284 etiam
1281 2228 1334 2285 ritu
1346 2239 1580 2286 sacramentorum
1590 2229 1648 2286 dis·

77 2327 153 2384 tereti
168 2327 273 2383 luterea
288 2321 375 2380 sedati
396 2321 495 2394 judicis
507 2321 570 2389 luit,
586 2317 717 2392 quidquid
730 2328 790 2375 tan·
845 2333 925 2388 pares
949 2334 1010 2376 esse
1030 2319 1164 2386 uoluisse,
1189 2330 1220 2378 ut
1230 2323 1322 2378 minus
1334 2323 1488 2380 mirandum
1502 2323 1559 2391 sit,
1574 2323 1648 2395 quod

80 2421 117 2478 illi
131 2421 263 2490 dicerent,
288 2417 396 2474 tametsi
419 2417 519 2490 saepius
534 2417 622 2474 otiose
645 2425 674 2472 et
694 2413 794 2470 irustra
845 2411 906 2482 hos,
923 2415 1015 2472 minus
1028 2413 1118 2487 quam‘
1131 2414 1215 2486 illos,
1229 2416 1351 2475 Ecclesia
1364 2417 1497 2476 catholica
1513 2417 1586 2477 lerre
1601 2434 1649 2490 po-

78 2523 184 2583 carent,
198 2513 335 2585 patienter
350 2509 503 2567 idaudire:
520 2506 712 2584 quodquidam
725 2504 796 2561 llar-
845 2507 937 2564 tuerit.
959 2506 1028 2564 Cum
1048 2522 1114 2580 ergo
1133 2507 1282 2565 Donatistae
1307 2524 1389 2580 pares
1413 2523 1475 2566 esse
1491 2509 1650 2568 riderentur

77 2623 129 2664 tum
145 2603 244 2663 iecisse
260 2607 329 2662 Acta
349 2613 494 2661 testantur.
513 2602 587 2660 Sane
600 2601 669 2656 mira
681 2599 730 2656 luit
750 2599 796 2655 itla
847 2599 969 2656 doctrina
982 2611 1010 2656 ct
1023 2598 1130 2669 ritihus,
1141 2599 1280 2657 dillicilior
1292 2615 1355 2659 curu
1369 2601 1403 2658 iis
1415 2601 1465 2659 luit
1475 2603 1510 2660 de
1520 2602 1651 2660 Ecclesiae

77 2715 95 2756 ι
110 2698 266 2756 cavillatio:
281 2698 353 2770 quod
376 2697 421 2754 ubi
457 2693 644 2768 proferebatur
667 2691 797 2750 ecclcsia-
849 2693 987 2764 agnitione
999 2692 1116 2765 quaestio
1130 2711 1138 2750 ι
1152 2701 1181 2749 ιι
1201 2693 1262 2750 aliis
1288 2692 1398 2750 indiciis
1411 2692 1463 2750 luit
1481 2708 1552 2764 opus
1567 2710 1650 2767 quatu

77 2807 98 2846 m
109 2790 252 2848 concilium
263 2805 326 2847 eum
338 2803 388 2846 suo
398 2787 477 2868 (lieet
486 2785 742 2857 consulezprnpter
750 2782 798 2838 ad·
849 2785 981 2845 doctrinae
1000 2795 1029 2843 qr
1046 2794 1292 2843 sacramenrorum,
1314 2786 1350 2844 1122
1370 2800 1437 2844 pem
1455 2787 1478 2844 gp
1500 2785 1651 2844 pqmngae

77 2899 100 2940 m
110 2885 178 2940 hauc
185 2881 319 2954 temporis
327 2881 507 2948 notationem,
517 2875 797 2934 causabanturllctum
849 2896 911 2938 qum
927 2881 1050 2939 Ecclesia
1070 2880 1203 2938 carnotina
1217 2883 1454 2940 nommquqmqq
1465 2889 1520 2940 tam
1533 2883 1562 2940 jn
1581 2883 1650 2942 ιω.

86 2978 239 3035 milium·
271 2975 388 3042 Rursus.
417 2991 478 3031 ⁰⁰⁰¹
504 2971 612 3044 ³¹i¹l¹¹0d
628 2969 800 3027 Ε0118ῑῐ1111ῑιί
851 2978 920 3034 trina
934 2975 1012 3044 lldci,
1026 2991 1109 3048 quam
1131 2976 1159 3032 in
1182 2976 1280 3033 ritibus
1294 2987 1322 3034 et
1336 2977 1517 3050 ceremoniis,
1544 2977 1653 3036 ιιιιιιιί

78 3071 159 3143 ipsum
180 3070 213 3126 iis
233 3067 432 3139 objiciebatur,
447 3066 492 3122 cui
517 3065 586 3120 lorte
601 3063 724 3137 adjectus
744 3078 797 3120 ιιιι
850 3085 911 3127 cnm
928 3069 1053 3142 personis
1068 3085 1121 3126 nnn
1143 3069 1399 3140 communicarent,
1422 3085 1490 3143 quas
1514 3081 1653 3145 tamquam

83 3178 155 3220 ⁰⁰⁰⁸·
170 3161 254 3219 1111Ῑθ1
271 3160 357 3234 il)sius
374 3160 439 3216 “⁰¹¹5
452 3177 459 3215 ²
474 3169 620 3232 Ρ1οΡ1911ι1
634 3148 835 3214 winibal-C
852 3163 969 3234 pollutas
983 3161 1171 3233 relugiebant,
1194 3175 1249 3219 ιιι
1263 3162 1315 3218 nisi
1329 3162 1471 3234 cujusdam
1486 3166 1654 3225 morositatis

77 3257 155 3312 ilium
168 3264 196 3312 θῑ
208 3255 303 3312 ficium
319 3267 428 3325 (lliffllue
442 3265 514 3309 0⁵⁵⁶·
526 3249 595 3317 011111
609 3247 801 3306 Marcellinus?
852 3253 969 3312 schisma
983 3255 1069 3312 inisse
1082 3254 1200 3312 ridetur.
1216 3255 1270 3312 Sed
1286 3255 1314 3312 in
1331 3269 1382 3318 ιιι
1394 3254 1504 3316 ιιιίιιι
1514 3256 1554 3315 sic
1563 3258 1653 3315 saria·

77 3351 172 3408 >nciliis
187 3349 257 3406 nihil
269 3349 345 3405 dicit.
357 3345 444 3404 Nimis
456 3345 529 3403 enim
540 3355 632 3401 nolum
644 3351 802 3415 certttmque
851 3357 928 3424 runt,
937 3359 967 3405 ut
977 3347 1031 3404 sibi
1046 3349 1113 3420 ipsis
1137 3365 1192 3404 non
1207 3350 1407 3418 consentirent,
1420 3358 1449 3407 ct
1462 3349 1490 3406 in
1503 3349 1656 3410 collatione

77 3437 158 3500 diem
172 3451 200 3501 θῑ
210 3441 356 3499 001151118111
370 3440 402 3496 iii
412 3439 540 3507 adscribi.
553 3447 582 3494 ¹¹²
596 3439 657 3495 fleta
673 3453 726 3495 11011
741 3451 803 3494 esse
853 3443 1001 3499 miscerent
1010 3442 1197 3500 inconstanter
1207 3443 1329 3515 anadam
1343 3444 1532 3516 repugnantia.
1546 3444 1656 3518 Alioqui

77 3537 194 3610 ligantur.
214 3536 273 3596 Sed
285 3537 453 3609 pronuntiat,
473 3549 526 3591 uon
541 3548 642 3590 nocere
655 3543 745 3589 tamen
755 3548 800 3590 re·
854 3535 974 3596 dicerem
986 3550 1021 3592 eo
1037 3536 1168 3594 recidisse
1180 3545 1332 3603 certarnen,
1343 3548 1372 3594 ut
1392 3537 1465 3610 quod
1481 3539 1508 3593 in
1531 3537 1658 3611 symbolo
1769 3571 1773 3580 ·

77 3637 80 3690 i
93 3635 179 3707 legum
195 3643 224 3692 et
241 3633 448 3706 rescriptorum,
464 3634 486 3688 si
503 3629 602 3689 omissa
617 3631 653 3689 sit
667 3629 726 3688 haec
737 3643 804 3688 tem·
855 3643 950 3686 annuos
963 3628 1174 3702 profitebantur,
1196 3629 1347 3688 Ecclesiam
1360 3646 1443 3688 unam
1458 3644 1521 3690 ease
1534 3641 1658 3689 sanctam

77 3729 211 3785 annotatio:
226 3725 363 3800 cognitor,
385 3725 474 3796 inquit
495 3723 676 3796 Augustinus,
699 3724 806 3780 interle-
855 3735 883 3781 et
896 3723 1071 3794 catholicam,
1084 3725 1110 3780 in
1125 3722 1278 3782 Collatinus
1292 3725 1499 3799 Carthaginensi
1514 3727 1589 3784 sarie
1600 3725 1658 3798 agi·

77 3831 141 3890 test,
153 3821 352 3877 euidentissimis
365 3819 463 3892 iegibus
474 3819 607 3892 definitum
620 3818 807 3892 csscimperia·
857 3825 943 3874 tatum
966 3819 1022 3874 sit:
1037 3834 1100 3874 cum
1116 3819 1203 3875 trostri
1217 3828 1347 3892 urgerent
1363 3821 1488 3878 taticitria
1510 3821 1660 3893 propheta·
1726 3871 1729 3874 ,

77 3917 218 3980 nnstitute,
245 3913 348 3971 etiamsi
369 3912 488 3969 consules
511 3929 564 3968 ιιι
588 3913 753 3984 legerentur,
780 3911 808 3965 itt
856 3928 930 3982 rum,
954 3927 1017 3986 qum
1042 3912 1207 3970 catholicam
1222 3914 1405 3985 promittunt:
1420 3914 1569 3972 Donatista.
1593 3929 1660 3973 raro

77 4023 117 4062 am
130 4025 180 4064 aon
191 4007 290 4065 uocari.
302 4007 366 4064 Scio
375 4003 585 4062 Conistautinum
609 4003 807 4077 rescripsisse,
858 4018 1029 4082 opponerent
1041 4006 1178 4077 vaticinia,
1189 4023 1250 4081 quac
1260 4017 1381 4066 sanctam
1394 4009 1552 4068 describunt
1565 4009 1661 4068 Eccle-

77 4101 169 4157 oritate
183 4117 280 4159 carere
292 4099 444 4172 personalia
456 4099 601 4166 beneficia,
615 4114 677 4171 quaa
691 4097 808 4154 sinodis
859 4101 940 4158 siam.
956 4099 1055 4157 Fateor
1066 4114 1179 4156 causam
1202 4100 1274 4157 hanc
1293 4099 1425 4158 adversus
1437 4101 1599 4160 Petilianum
1612 4143 1620 4168 ‚
1632 4112 1663 4160 et

77 4196 165 4252 austrie
181 4194 394 4268 proteruntuql.
410 4209 436 4249 ιι
461 4191 493 4248 G.
508 4191 543 4249 de
556 4192 658 4249 diuers.
674 4191 809 4262 liescript.
861 4192 1005 4250 nervosius
1015 4201 1043 4249 et
1057 4191 1165 4265 planius
1174 4194 1264 4265 egisse
1280 4192 1461 4265 augustinum
1476 4185 1524 4250 lib.
1539 4194 1573 4252 dc
1584 4193 1661 4253 Uinii.

79 4290 168 4344 talinnm
196 4287 392 4347 hernehciorum
409 4286 462 4343 alia
475 4287 545 4344 ratio
561 4295 622 4342 est:
638 4285 741 4356 etipse
764 4285 811 4342 Ju-
862 4301 942 4358 quam
955 4286 981 4342 iu
999 4285 1057 4356 ipsa
1069 4285 1244 4344 collatione:
1258 4286 1323 4356 quia
1336 4287 1514 4358 scriptionem
1539 4301 1594 4346 ιιι
1618 4289 1663 4344 iu-

78 4397 154 4450 auus,
169 4382 232 4439 licet
244 4381 296 4438 hoc
313 4380 476 4452 rescriptum
498 4379 525 4435 in
537 4393 614 4436 suurn
630 4376 758 4434 Godirem
769 4393 813 4434 re-
863 4376 1051 4448 terrumpehat
1062 4376 1254 4444 aduersarius,
1273 4379 1486 4447 utoratiouem3
1506 4379 1554 4436 sed
1567 4380 1663 4438 cadent

77 4475 117 4543 rit,
143 4484 234 4533 tamen
258 4474 386 4548 praelatus
405 4483 446 4530 est
470 4473 497 4530 id
525 4471 578 4529 dici
600 4487 654 4528 non
676 4485 758 4540 prosse
778 4471 812 4528 ιι
865 4484 973 4542 senrnper
992 4484 1074 4526 causa
1095 4469 1158 4526 luit.
1171 4470 1356 4528 Obsertemus
1380 4483 1490 4541 anatem,
1509 4473 1666 4532 Cathahcoa

77 4570 272 4627 stitutionihus.
301 4569 370 4626 Nam
393 4569 496 4627 nullam
520 4568 717 4625 dubitationem
749 4537 947 4626 indeDaliam
962 4577 1017 4620 uon
1032 4561 1230 4633 admiscuisse,
1245 4578 1307 4635 qum
1328 4565 1481 4624 imtitutam
1502 4566 1664 4642 disputatio·

78 4677 155 4734 rgcre
176 4663 255 4732 tult,
278 4663 350 4736 quod
370 4661 494 4734 quaedam
517 4661 578 4718 siue
592 4660 637 4718 die
658 4667 686 4717 et
700 4659 814 4717 consule
866 4671 929 4713 nem
945 4654 1146 4728 perturbasset.

80 4757 174 4824 posita
187 4755 324 4829 legantur.
339 4753 411 4814 Eune
430 4763 676 4827 cunqquaereretur
690 4754 726 4810 ιι
746 4768 814 4826 qua·
870 4746 872 4751 ’
903 4747 1032 4805 Poterant
1059 4745 1177 4804 fortasse
1201 4747 1352 4808 Donatistis
1368 4749 1464 4810 odiose
1479 4751 1601 4824 objicere
1614 4754 1667 4812 ali·

77 4871 79 4900 ι
98 4849 212 4918 epistola
227 4849 285 4907 sive
295 4849 432 4918 cautione,
446 4847 590 4921 respondit
614 4855 707 4904 noster
722 4845 816 4903 Cerni·
867 4839 931 4912 quid
939 4837 1182 4913 355nlriauismi.
1190 4837 1244 4898 Sed
1251 4842 1669 4914 noluntatioexcnrrercmtna·

77 4939 213 4999 lScccrola
226 4983 234 5008 ,
246 4958 299 5000 non
316 4942 378 4999 ideo
389 4941 491 4998 nullius
512 4956 574 4998 esse
600 4940 730 4998 momenti
743 4940 816 5013 quod
868 4933 929 4990 luni
941 4932 1028 4989 subice
1041 4929 1183 5002 confiteri,
1200 4933 1252 4990 sihi
1266 4949 1328 4991 cum
1346 4936 1381 4994 iis
1394 4952 1452 4994 rem
1464 4952 1544 5009 esse,
1563 4955 1620 5000 ιιι
1634 4942 1670 5003 ιι

77 5033 131 5090 ldie
143 5045 171 5090 et
186 5034 301 5092 consule
313 5034 365 5103 sit,
392 5033 412 5089 l.
429 5033 465 5090 at
488 5033 523 5090 de
546 5029 657 5106 Pignor.
687 5032 723 5089 Et
743 5031 816 5105 quod
870 5026 970 5098 capite,
987 5023 1080 5095 idest,
1097 5023 1218 5096 Christo,
1234 5026 1284 5086 sed
1299 5028 1334 5086 de
1351 5044 1478 5104 corpore,
1498 5032 1525 5090 id
1543 5045 1596 5104 est,
1616 5036 1670 5094 Ec·

77 5125 207 5185 ‘arndectis
235 5141 289 5184 non
304 5134 412 5195 exstat,
436 5125 572 5183 invenitur
583 5123 720 5198 quoddam
744 5123 817 5195 lrag·
872 5117 966 5177 clesia.
987 5117 1117 5190 Quinimo
1129 5121 1309 5193 quaestionem
1325 5122 1361 5181 de
1374 5125 1578 5198 anabaptismo,
1591 5129 1671 5200 culos

78 5228 141 5275 ntum
160 5235 194 5278 ex
217 5219 296 5278 libris
318 5219 472 5292 regularum
484 5218 571 5275 nostri
584 5217 740 5286 blundestini,
751 5217 820 5274 nihil
873 5221 952 5270 eraut
966 5211 1006 5268 rei
1020 5213 1179 5281 Donatista,
1194 5213 1239 5272 hie
1252 5217 1336 5273 etiam
1351 5219 1496 5276 omittunt:
1514 5228 1542 5277 et
1556 5234 1618 5276 curn
1636 5221 1672 5280 iis

77 5327 122 5368 ore
136 5321 311 5381 testamento,
322 5313 346 5370 si
356 5313 414 5369 dies
426 5321 454 5369 ct
463 5311 559 5368 consul
573 5310 672 5383 adiecti
689 5327 743 5368 non
754 5311 820 5367 siut.
874 5316 958 5379 agunt
980 5306 1094 5380 perinde
1114 5317 1197 5393 atque
1215 5323 1279 5364 curu
1296 5308 1487 5379 Luciferianis,
1509 5311 1555 5383 qui
1572 5314 1671 5374 ιιιιιι

79 5407 112 5464 ici
124 5417 214 5466 tamen
228 5409 331 5482 saepius
342 5403 482 5464 solebant:
493 5405 558 5462 licet
570 5404 614 5462 ubi
626 5412 819 5461 testamentum
875 5409 1000 5474 tempore
1015 5397 1043 5455 iu
1063 5399 1121 5470 ipsa
1134 5399 1217 5456 etiam
1235 5399 1326 5457 Africa
1344 5411 1486 5474 separatos
1500 5404 1536 5462 ab
1550 5405 1672 5465 Ecclesia

78 5501 206 5572 aiebatur,
223 5501 295 5559 diem
310 5501 498 5568 etcousulem,
515 5499 602 5571 iuquit
618 5509 711 5555 niuster
732 5497 823 5570 Ulpia·
875 5491 1089 5551 catholicasooa
1102 5492 1358 5566 consumebant,
1377 5511 1467 5568 neque
1482 5507 1574 5557 tamen
1586 5501 1674 5561 bare·

77 5617 90 5662 ι,
113 5612 166 5654 ιιι
189 5596 343 5668 patiebatur
356 5593 462 5650 Praetor
473 5591 591 5649 describi
601 5591 645 5648 rel
659 5589 772 5664 inspici,
791 5607 825 5648 ne
876 5587 932 5658 tici,
948 5587 996 5644 sed
1012 5587 1102 5660 polim
1109 5587 1277 5646 schismatici
1287 5599 1383 5646 emnt:
1396 5592 1481 5649 multo
1489 5600 1674 5668 tarnenqnam

77 5689 91 5744 ι
115 5689 174 5746 lalsi
196 5691 253 5756 hat,
271 5689 317 5746 lib.
340 5703 369 5756 u,
383 5683 616 5755 Quemadmodum
633 5693 824 5742 testamcutum
877 5680 1026 5738 Donatistae
1041 5681 1232 5739 modestiores.
1247 5684 1398 5750 Quamdam
1415 5700 1478 5743 curn
1493 5685 1536 5744 his
1552 5689 1676 5749 cellatio-

77 5796 106 5838 u.
131 5781 184 5840 Sed
208 5780 271 5854 quis
293 5776 435 5840 mirabitur
457 5775 612 5835 Donatistas
633 5778 660 5835 in
673 5774 824 5835 collatione
876 5791 938 5836 nem
960 5761 1317 5851 quodeun'cartnagtncusis
1337 5793 1400 5838 eum
1424 5779 1576 5840 Donatistis
1591 5780 1677 5847 colle·
