<?xml version="1.0" encoding="UTF-8"?>
<!DOCTYPE html PUBLIC "-//W3C//DTD XHTML 1.0 Transitional//EN"
    "http://www.w3.org/TR/xhtml1/DTD/xhtml1-transitional.dtd">
<html xmlns="http://www.w3.org/1999/xhtml" xml:lang="en" lang="en">
 <head>
  <title>
</title>
<meta http-equiv="Content-Type" content="text/html;charset=utf-8" />
  <meta name='ocr-system' content='tesseract 3.04.00' />
  <meta name='ocr-capabilities' content='ocr_page ocr_carea ocr_par ocr_line ocrx_word'/>
</head>
<body>
  <div class='ocr_page' id='page_1' title='image "./patrologiaecurs210unkngoog/patrologiaecurs210unkngoog_0225.png"; bbox 0 0 3950 6317; ppageno 0'>
   <div class='ocr_carea' id='block_1_1' title="bbox 286 297 1866 370">
    <p class='ocr_par' dir='ltr' id='par_1_1' title="bbox 286 297 1866 370">
     <span class='ocr_line' id='line_1_1' title="bbox 286 297 1866 370; baseline -0.002 -14"><span class='ocrx_word' id='word_1_1' title='bbox 286 310 340 370; x_wconf 68' lang='lat' dir='ltr'><strong><em>aar</em></strong></span> <span class='ocrx_word' id='word_1_2' title='bbox 411 335 414 342; x_wconf 85' lang='lat'>-</span> <span class='ocrx_word' id='word_1_3' title='bbox 970 299 1092 358; x_wconf 80' lang='lat' dir='ltr'><strong><em>seusu</em></strong></span> <span class='ocrx_word' id='word_1_4' title='bbox 1114 297 1261 354; x_wconf 77' lang='lat' dir='ltr'><strong><em>runcinus</em></strong></span> <span class='ocrx_word' id='word_1_5' title='bbox 1838 307 1866 366; x_wconf 69' lang='lat' dir='ltr'><strong><em>ru</em></strong></span> 
     </span>
    </p>
   </div>
   <div class='ocr_carea' id='block_1_2' title="bbox 282 419 1874 1422">
    <p class='ocr_par' dir='ltr' id='par_1_2' title="bbox 282 419 1874 1422">
     <span class='ocr_line' id='line_1_2' title="bbox 285 419 1866 499; baseline -0.002 -12"><span class='ocrx_word' id='word_1_6' title='bbox 285 445 349 486; x_wconf 90' lang='lat' dir='ltr'><strong><em>nunt</em></strong></span> <span class='ocrx_word' id='word_1_7' title='bbox 373 435 535 499; x_wconf 83' lang='lat' dir='ltr'><strong><em>augmenta,</em></strong></span> <span class='ocrx_word' id='word_1_8' title='bbox 563 425 624 497; x_wconf 87' lang='lat' dir='ltr'><strong><em>quis</em></strong></span> <span class='ocrx_word' id='word_1_9' title='bbox 655 425 771 496; x_wconf 87' lang='lat' dir='ltr'><strong><em>denique</em></strong></span> <span class='ocrx_word' id='word_1_10' title='bbox 798 423 843 498; x_wconf 81' lang='lat' dir='ltr'><strong><em>(d)</em></strong></span> <span class='ocrx_word' id='word_1_11' title='bbox 866 423 1002 496; x_wconf 85' lang='lat' dir='ltr'><strong><em>opificium</em></strong></span> <span class='ocrx_word' id='word_1_12' title='bbox 1030 423 1082 478; x_wconf 83' lang='lat' dir='ltr'><strong><em>ito-</em></strong></span> <span class='ocrx_word' id='word_1_13' title='bbox 1097 427 1119 486; x_wconf 81' lang='grc' dir='ltr'><strong>Λ</strong></span> <span class='ocrx_word' id='word_1_14' title='bbox 1136 423 1193 478; x_wconf 92' lang='lat' dir='ltr'><strong><em>faut</em></strong></span> <span class='ocrx_word' id='word_1_15' title='bbox 1207 422 1300 492; x_wconf 91' lang='lat' dir='ltr'><strong><em>funes,</em></strong></span> <span class='ocrx_word' id='word_1_16' title='bbox 1323 431 1437 493; x_wconf 85' lang='lat' dir='ltr'><strong><em>gemunt</em></strong></span> <span class='ocrx_word' id='word_1_17' title='bbox 1458 419 1617 480; x_wconf 75' lang='lat' dir='ltr'>cedentibus</span> <span class='ocrx_word' id='word_1_18' title='bbox 1630 423 1696 480; x_wconf 80' lang='lat' dir='ltr'><strong><em>reiis</em></strong></span> <span class='ocrx_word' id='word_1_19' title='bbox 1717 435 1829 494; x_wconf 79' lang='lat' dir='ltr'><strong><em>antennae,</em></strong></span> <span class='ocrx_word' id='word_1_20' title='bbox 1843 449 1866 490; x_wconf 73' lang='lat' dir='ltr'><strong><em>rs</em></strong></span> 
     </span>
     <span class='ocr_line' id='line_1_3' title="bbox 284 515 1867 594; baseline 0.001 -14"><span class='ocrx_word' id='word_1_21' title='bbox 284 523 351 580; x_wconf 90' lang='lat' dir='ltr'><strong><em>taini</em></strong></span> <span class='ocrx_word' id='word_1_22' title='bbox 365 521 466 593; x_wconf 89' lang='lat' dir='ltr'><strong><em>beiquc</em></strong></span> <span class='ocrx_word' id='word_1_23' title='bbox 478 517 622 576; x_wconf 88' lang='lat' dir='ltr'><strong><em>consilium</em></strong></span> <span class='ocrx_word' id='word_1_24' title='bbox 633 533 662 572; x_wconf 92' lang='lat' dir='ltr'><strong><em>se</em></strong></span> <span class='ocrx_word' id='word_1_25' title='bbox 676 515 890 589; x_wconf 85' lang='lat' dir='ltr'><strong><em>deprehendisse</em></strong></span> <span class='ocrx_word' id='word_1_26' title='bbox 901 515 1082 586; x_wconf 80' lang='lat' dir='ltr'><strong><em>gloriabitur?</em></strong></span> <span class='ocrx_word' id='word_1_27' title='bbox 1137 527 1213 571; x_wconf 87' lang='lat' dir='ltr'><strong><em>tunsa</em></strong></span> <span class='ocrx_word' id='word_1_28' title='bbox 1241 516 1358 588; x_wconf 89' lang='lat' dir='ltr'><strong><em>undique</em></strong></span> <span class='ocrx_word' id='word_1_29' title='bbox 1382 515 1434 571; x_wconf 93' lang='lat' dir='ltr'><strong><em>iter</em></strong></span> <span class='ocrx_word' id='word_1_30' title='bbox 1456 531 1508 571; x_wconf 88' lang='lat' dir='ltr'><strong><em>aon</em></strong></span> <span class='ocrx_word' id='word_1_31' title='bbox 1537 517 1638 574; x_wconf 80' lang='lat' dir='ltr'><strong><em>invertit</em></strong></span> <span class='ocrx_word' id='word_1_32' title='bbox 1664 533 1747 590; x_wconf 85' lang='lat' dir='ltr'><strong><em>prora.</em></strong></span> <span class='ocrx_word' id='word_1_33' title='bbox 1768 521 1867 594; x_wconf 83' lang='lat' dir='ltr'><strong><em>&#39;frepidru</em></strong></span> 
     </span>
     <span class='ocr_line' id='line_1_4' title="bbox 283 607 1867 684; baseline 0.004 -14"><span class='ocrx_word' id='word_1_34' title='bbox 283 631 345 670; x_wconf 90' lang='lat' dir='ltr'><strong><em>cum</em></strong></span> <span class='ocrx_word' id='word_1_35' title='bbox 361 613 507 684; x_wconf 74' lang='lat' dir='ltr'><strong>Apostolus</strong></span> <span class='ocrx_word' id='word_1_36' title='bbox 520 611 609 669; x_wconf 87' lang='lat' dir='ltr'><strong><em>dicat:</em></strong></span> <span class='ocrx_word' id='word_1_37' title='bbox 628 609 774 666; x_wconf 82' lang='lat' dir='ltr'><strong><em>Ouititado</em></strong></span> <span class='ocrx_word' id='word_1_38' title='bbox 784 609 935 664; x_wconf 85' lang='lat' dir='ltr'><strong><em>dinitiarum</em></strong></span> <span class='ocrx_word' id='word_1_39' title='bbox 949 607 1083 679; x_wconf 77' lang='lat' dir='ltr'><strong><em>supientiae</em></strong></span> <span class='ocrx_word' id='word_1_40' title='bbox 1134 621 1240 678; x_wconf 74' lang='lat' dir='ltr'><strong><em>neutro,</em></strong></span> <span class='ocrx_word' id='word_1_41' title='bbox 1262 609 1390 665; x_wconf 80' lang='lat' dir='ltr'><strong><em>festinant</em></strong></span> <span class='ocrx_word' id='word_1_42' title='bbox 1406 611 1541 665; x_wconf 79' lang='lat' dir='ltr'><strong><em>incassum</em></strong></span> <span class='ocrx_word' id='word_1_43' title='bbox 1563 611 1667 680; x_wconf 84' lang='lat' dir='ltr'><strong><em>jactura</em></strong></span> <span class='ocrx_word' id='word_1_44' title='bbox 1680 628 1789 670; x_wconf 87' lang='lat' dir='ltr'><strong><em>rasorum</em></strong></span> <span class='ocrx_word' id='word_1_45' title='bbox 1807 633 1867 678; x_wconf 83' lang='grc' dir='ltr'><strong>ιιιιιιι</strong></span> 
     </span>
     <span class='ocr_line' id='line_1_5' title="bbox 282 701 1869 778; baseline -0.001 -15"><span class='ocrx_word' id='word_1_46' title='bbox 282 717 307 764; x_wconf 88' lang='lat' dir='ltr'><strong><em>et</em></strong></span> <span class='ocrx_word' id='word_1_47' title='bbox 325 706 437 762; x_wconf 80' lang='lat' dir='ltr'><strong><em>sciendo</em></strong></span> <span class='ocrx_word' id='word_1_48' title='bbox 458 703 690 777; x_wconf 65' lang='lat' dir='ltr'><strong><em>licitationum</em></strong></span> <span class='ocrx_word' id='word_1_49' title='bbox 708 701 892 758; x_wconf 67' lang='lat' dir='ltr'><strong><em>inenarrabilia</em></strong></span> <span class='ocrx_word' id='word_1_50' title='bbox 906 711 964 755; x_wconf 88' lang='lat' dir='ltr'><strong><em>aum</em></strong></span> <span class='ocrx_word' id='word_1_51' title='bbox 980 701 1082 773; x_wconf 77' lang='lat' dir='ltr'><strong><em>judicia</em></strong></span> <span class='ocrx_word' id='word_1_52' title='bbox 1135 703 1225 758; x_wconf 86' lang='lat' dir='ltr'><strong><em>levare</em></strong></span> <span class='ocrx_word' id='word_1_53' title='bbox 1237 701 1419 772; x_wconf 91' lang='lat' dir='ltr'><strong><em>ponderibus,</em></strong></span> <span class='ocrx_word' id='word_1_54' title='bbox 1442 715 1503 770; x_wconf 73' lang='lat' dir='ltr'><strong><em>quac</em></strong></span> <span class='ocrx_word' id='word_1_55' title='bbox 1522 704 1662 773; x_wconf 78' lang='lat' dir='ltr'><strong><em>propbeta</em></strong></span> <span class='ocrx_word' id='word_1_56' title='bbox 1680 705 1784 774; x_wconf 87' lang='lat' dir='ltr'><strong><em>pondere</em></strong></span> <span class='ocrx_word' id='word_1_57' title='bbox 1802 725 1869 778; x_wconf 72' lang='lat' dir='ltr'><strong><em>prens</em></strong></span> 
     </span>
     <span class='ocr_line' id='line_1_6' title="bbox 282 791 1869 872; baseline 0 -16"><span class='ocrx_word' id='word_1_58' title='bbox 282 800 350 872; x_wconf 76' lang='lat' dir='ltr'><strong><em>ejus,</em></strong></span> <span class='ocrx_word' id='word_1_59' title='bbox 364 810 389 854; x_wconf 93' lang='lat' dir='ltr'><strong><em>et</em></strong></span> <span class='ocrx_word' id='word_1_60' title='bbox 399 815 478 872; x_wconf 89' lang='lat' dir='ltr'><strong><em>quum</em></strong></span> <span class='ocrx_word' id='word_1_61' title='bbox 487 797 677 869; x_wconf 74' lang='lat' dir='ltr'><strong><em>investigabiles</em></strong></span> <span class='ocrx_word' id='word_1_62' title='bbox 691 798 739 852; x_wconf 82' lang='lat' dir='ltr'><strong><em>aira</em></strong></span> <span class='ocrx_word' id='word_1_63' title='bbox 748 797 820 868; x_wconf 78' lang='lat' dir='ltr'><strong><em>ejas!</em></strong></span> <span class='ocrx_word' id='word_1_64' title='bbox 832 796 897 865; x_wconf 82' lang='lat' dir='ltr'><strong><em>Quia</em></strong></span> <span class='ocrx_word' id='word_1_65' title='bbox 906 795 975 851; x_wconf 88' lang='lat' dir='ltr'><strong><em>enim</em></strong></span> <span class='ocrx_word' id='word_1_66' title='bbox 990 811 1084 870; x_wconf 81' lang='lat' dir='ltr'><strong><em>capno·</em></strong></span> <span class='ocrx_word' id='word_1_67' title='bbox 1134 795 1222 850; x_wconf 89' lang='lat' dir='ltr'><strong><em>batur.</em></strong></span> <span class='ocrx_word' id='word_1_68' title='bbox 1236 791 1305 850; x_wconf 83' lang='lat' dir='ltr'><strong><em>&#39;funt</em></strong></span> <span class='ocrx_word' id='word_1_69' title='bbox 1319 793 1401 849; x_wconf 83' lang='lat' dir='ltr'><strong><em>irruas</em></strong></span> <span class='ocrx_word' id='word_1_70' title='bbox 1413 836 1421 862; x_wconf 97' lang='lat'><strong><em>,</em></strong></span> <span class='ocrx_word' id='word_1_71' title='bbox 1434 809 1513 864; x_wconf 83' lang='lat' dir='ltr'><strong><em>quent</em></strong></span> <span class='ocrx_word' id='word_1_72' title='bbox 1529 795 1617 850; x_wconf 89' lang='lat' dir='ltr'><strong><em>solunt</em></strong></span> <span class='ocrx_word' id='word_1_73' title='bbox 1635 793 1690 869; x_wconf 81' lang='grc'><strong>(15)</strong></span> <span class='ocrx_word' id='word_1_74' title='bbox 1704 799 1869 868; x_wconf 78' lang='lat' dir='ltr'><strong><em>expetebatur</em></strong></span> 
     </span>
     <span class='ocr_line' id='line_1_7' title="bbox 282 887 1869 963; baseline 0.001 -16"><span class='ocrx_word' id='word_1_75' title='bbox 282 891 317 947; x_wconf 87' lang='lat' dir='ltr'><strong><em>nit</em></strong></span> <span class='ocrx_word' id='word_1_76' title='bbox 332 907 435 948; x_wconf 84' lang='lat' dir='ltr'><strong><em>sensnm</em></strong></span> <span class='ocrx_word' id='word_1_77' title='bbox 455 891 560 946; x_wconf 84' lang='lat' dir='ltr'><strong><em>Domini</em></strong></span> <span class='ocrx_word' id='word_1_78' title='bbox 574 887 664 963; x_wconf 78' lang='lat' dir='ltr'><strong><em>(Rani.</em></strong></span> <span class='ocrx_word' id='word_1_79' title='bbox 681 904 711 955; x_wconf 90' lang='lat' dir='ltr'><strong><em>tt,</em></strong></span> <span class='ocrx_word' id='word_1_80' title='bbox 726 891 782 954; x_wconf 76' lang='lat'><strong><em>53,</em></strong></span> <span class='ocrx_word' id='word_1_81' title='bbox 797 889 862 962; x_wconf 71' lang='lat' dir='ltr'><strong><em>litt</em></strong></span> <span class='ocrx_word' id='word_1_82' title='bbox 882 889 940 946; x_wconf 86' lang='lat' dir='ltr'><strong><em>Non</em></strong></span> <span class='ocrx_word' id='word_1_83' title='bbox 960 888 1033 946; x_wconf 89' lang='lat' dir='ltr'><strong><em>euim</em></strong></span> <span class='ocrx_word' id='word_1_84' title='bbox 1055 889 1081 944; x_wconf 90' lang='lat' dir='ltr'><strong><em>iu</em></strong></span> <span class='ocrx_word' id='word_1_85' title='bbox 1135 887 1179 943; x_wconf 89' lang='lat' dir='ltr'><strong><em>iila</em></strong></span> <span class='ocrx_word' id='word_1_86' title='bbox 1205 898 1370 958; x_wconf 89' lang='lat' dir='ltr'><strong><em>tcutpestas,</em></strong></span> <span class='ocrx_word' id='word_1_87' title='bbox 1395 899 1469 944; x_wconf 87' lang='lat' dir='ltr'><strong><em>sorte</em></strong></span> <span class='ocrx_word' id='word_1_88' title='bbox 1496 889 1593 944; x_wconf 87' lang='lat' dir='ltr'><strong><em>ductus</em></strong></span> <span class='ocrx_word' id='word_1_89' title='bbox 1618 890 1755 960; x_wconf 86' lang='lat' dir='ltr'><strong><em>naufragus</em></strong></span> <span class='ocrx_word' id='word_1_90' title='bbox 1775 895 1869 958; x_wconf 79' lang='lat' dir='ltr'><strong><em>redditur,</em></strong></span> 
     </span>
     <span class='ocr_line' id='line_1_8' title="bbox 283 977 1871 1058; baseline 0.001 -18"><span class='ocrx_word' id='word_1_91' title='bbox 283 984 380 1042; x_wconf 85' lang='lat' dir='ltr'><strong><em>ftunrut</em></strong></span> <span class='ocrx_word' id='word_1_92' title='bbox 405 985 578 1056; x_wconf 74' lang='lat' dir='ltr'><strong><em>inquisitione</em></strong></span> <span class='ocrx_word' id='word_1_93' title='bbox 596 991 751 1038; x_wconf 74' lang='lat' dir='ltr'><strong><em>exaestuans</em></strong></span> <span class='ocrx_word' id='word_1_94' title='bbox 771 981 905 1054; x_wconf 74' lang='lat' dir='ltr'><strong><em>Propheta</em></strong></span> <span class='ocrx_word' id='word_1_95' title='bbox 928 982 1015 1037; x_wconf 91' lang='lat' dir='ltr'><strong><em>dicit:</em></strong></span> <span class='ocrx_word' id='word_1_96' title='bbox 1044 981 1084 1038; x_wconf 86' lang='lat' dir='ltr'><strong><em>fia</em></strong></span> <span class='ocrx_word' id='word_1_97' title='bbox 1135 977 1189 1035; x_wconf 90' lang='lat' dir='ltr'><strong><em>into</em></strong></span> <span class='ocrx_word' id='word_1_98' title='bbox 1218 980 1343 1050; x_wconf 87' lang='lat' dir='ltr'><strong><em>afigueo</em></strong></span> <span class='ocrx_word' id='word_1_99' title='bbox 1361 979 1546 1050; x_wconf 83' lang='lat' dir='ltr'><strong><em>adnarigiunt</em></strong></span> <span class='ocrx_word' id='word_1_100' title='bbox 1562 981 1816 1038; x_wconf 82' lang='lat' dir='ltr'><strong><em>vitaletraasfertun:</em></strong></span> <span class='ocrx_word' id='word_1_101' title='bbox 1835 991 1871 1058; x_wconf 80' lang='lat' dir='ltr'><strong><em>qni,</em></strong></span> 
     </span>
     <span class='ocr_line' id='line_1_9' title="bbox 282 1069 1873 1153; baseline -0.001 -21"><span class='ocrx_word' id='word_1_102' title='bbox 282 1077 419 1153; x_wconf 76' lang='lat' dir='ltr'><strong><em>profundis</em></strong></span> <span class='ocrx_word' id='word_1_103' title='bbox 431 1075 542 1130; x_wconf 86' lang='lat' dir='ltr'><strong><em>alamani</em></strong></span> <span class='ocrx_word' id='word_1_104' title='bbox 557 1071 764 1142; x_wconf 64' lang='lat' dir='ltr'><strong><em>nutabundae</em></strong></span> <span class='ocrx_word' id='word_1_105' title='bbox 782 1073 840 1146; x_wconf 83' lang='lat' dir='ltr'><strong><em>(Pa.</em></strong></span> <span class='ocrx_word' id='word_1_106' title='bbox 856 1089 947 1142; x_wconf 81' lang='lat' dir='ltr'><strong><em>cxstt,</em></strong></span> <span class='ocrx_word' id='word_1_107' title='bbox 963 1073 1011 1146; x_wconf 88' lang='lat' dir='ltr'><strong><em>f);</em></strong></span> <span class='ocrx_word' id='word_1_108' title='bbox 1029 1074 1085 1130; x_wconf 90' lang='lat' dir='ltr'><strong><em>cia·</em></strong></span> <span class='ocrx_word' id='word_1_109' title='bbox 1137 1078 1167 1126; x_wconf 94' lang='grc' dir='ltr'><strong><em>ιιι</em></strong></span> <span class='ocrx_word' id='word_1_110' title='bbox 1181 1079 1220 1128; x_wconf 84' lang='lat' dir='ltr'><strong><em>est</em></strong></span> <span class='ocrx_word' id='word_1_111' title='bbox 1233 1069 1361 1126; x_wconf 86' lang='lat' dir='ltr'><strong><em>dimissus</em></strong></span> <span class='ocrx_word' id='word_1_112' title='bbox 1378 1069 1726 1144; x_wconf 69' lang='lat' dir='ltr'><strong><em>infulcitumfcrineqne</em></strong></span> <span class='ocrx_word' id='word_1_113' title='bbox 1737 1077 1873 1146; x_wconf 82' lang='lat' dir='ltr'><strong><em>toraginbest</em></strong></span> 
     </span>
     <span class='ocr_line' id='line_1_10' title="bbox 286 1161 1873 1238; baseline 0.001 -15"><span class='ocrx_word' id='word_1_114' title='bbox 286 1179 343 1223; x_wconf 88' lang='lat' dir='ltr'><strong><em>ruat</em></strong></span> <span class='ocrx_word' id='word_1_115' title='bbox 356 1183 472 1236; x_wconf 83' lang='lat' dir='ltr'><strong><em>tranique</em></strong></span> <span class='ocrx_word' id='word_1_116' title='bbox 486 1166 684 1238; x_wconf 85' lang='lat' dir='ltr'><strong><em>deprofuudis,</em></strong></span> <span class='ocrx_word' id='word_1_117' title='bbox 695 1167 720 1221; x_wconf 93' lang='lat' dir='ltr'><strong><em>id</em></strong></span> <span class='ocrx_word' id='word_1_118' title='bbox 735 1177 776 1221; x_wconf 91' lang='lat' dir='ltr'><strong><em>est</em></strong></span> <span class='ocrx_word' id='word_1_119' title='bbox 786 1165 820 1222; x_wconf 91' lang='lat' dir='ltr'><strong><em>de</em></strong></span> <span class='ocrx_word' id='word_1_120' title='bbox 831 1167 893 1221; x_wconf 85' lang='lat' dir='ltr'><strong><em>iuris</em></strong></span> <span class='ocrx_word' id='word_1_121' title='bbox 903 1167 1082 1238; x_wconf 82' lang='lat' dir='ltr'><strong><em>precordiis:</em></strong></span> <span class='ocrx_word' id='word_1_122' title='bbox 1136 1173 1261 1236; x_wconf 87' lang='lat' dir='ltr'><strong><em>receptus</em></strong></span> <span class='ocrx_word' id='word_1_123' title='bbox 1275 1161 1411 1234; x_wconf 88' lang='lat' dir='ltr'><strong><em>bospitio,</em></strong></span> <span class='ocrx_word' id='word_1_124' title='bbox 1428 1163 1522 1235; x_wconf 81' lang='lat' dir='ltr'><strong><em>vigilat</em></strong></span> <span class='ocrx_word' id='word_1_125' title='bbox 1546 1165 1572 1220; x_wconf 92' lang='lat' dir='ltr'><strong><em>in</em></strong></span> <span class='ocrx_word' id='word_1_126' title='bbox 1588 1175 1665 1233; x_wconf 86' lang='lat' dir='ltr'><strong><em>ceto,</em></strong></span> <span class='ocrx_word' id='word_1_127' title='bbox 1688 1167 1730 1238; x_wconf 91' lang='lat' dir='ltr'><strong><em>qui</em></strong></span> <span class='ocrx_word' id='word_1_128' title='bbox 1744 1170 1873 1227; x_wconf 87' lang='lat' dir='ltr'><strong><em>stertebuin</em></strong></span> 
     </span>
     <span class='ocr_line' id='line_1_11' title="bbox 284 1257 1874 1332; baseline 0 -14"><span class='ocrx_word' id='word_1_129' title='bbox 284 1261 387 1318; x_wconf 80' lang='lat' dir='ltr'><strong><em>claritat</em></strong></span> <span class='ocrx_word' id='word_1_130' title='bbox 399 1259 434 1316; x_wconf 93' lang='lat' dir='ltr'><strong><em>de</em></strong></span> <span class='ocrx_word' id='word_1_131' title='bbox 448 1259 598 1332; x_wconf 89' lang='lat' dir='ltr'><strong><em>profundis,</em></strong></span> <span class='ocrx_word' id='word_1_132' title='bbox 619 1260 666 1315; x_wconf 91' lang='lat' dir='ltr'><strong><em>sed</em></strong></span> <span class='ocrx_word' id='word_1_133' title='bbox 678 1261 776 1329; x_wconf 87' lang='lat' dir='ltr'><strong><em>quibus</em></strong></span> <span class='ocrx_word' id='word_1_134' title='bbox 790 1270 884 1328; x_wconf 87' lang='lat' dir='ltr'><strong><em>septus</em></strong></span> <span class='ocrx_word' id='word_1_135' title='bbox 897 1269 956 1314; x_wconf 90' lang='lat' dir='ltr'><strong><em>erat</em></strong></span> <span class='ocrx_word' id='word_1_136' title='bbox 970 1267 1085 1316; x_wconf 81' lang='lat' dir='ltr'><strong><em>uroestus</em></strong></span> <span class='ocrx_word' id='word_1_137' title='bbox 1136 1259 1207 1314; x_wconf 86' lang='lat' dir='ltr'><strong><em>uari.</em></strong></span> <span class='ocrx_word' id='word_1_138' title='bbox 1225 1257 1288 1313; x_wconf 83' lang='lat' dir='ltr'><strong><em>ifita</em></strong></span> <span class='ocrx_word' id='word_1_139' title='bbox 1311 1259 1371 1313; x_wconf 88' lang='lat' dir='ltr'><strong><em>res!</em></strong></span> <span class='ocrx_word' id='word_1_140' title='bbox 1389 1267 1447 1326; x_wconf 86' lang='lat' dir='ltr'><strong><em>post</em></strong></span> <span class='ocrx_word' id='word_1_141' title='bbox 1468 1257 1637 1330; x_wconf 72' lang='lat' dir='ltr'><strong><em>naufragium</em></strong></span> <span class='ocrx_word' id='word_1_142' title='bbox 1650 1301 1659 1327; x_wconf 95' lang='lat'><strong><em>,</em></strong></span> <span class='ocrx_word' id='word_1_143' title='bbox 1674 1271 1733 1330; x_wconf 89' lang='lat' dir='ltr'><strong><em>post</em></strong></span> <span class='ocrx_word' id='word_1_144' title='bbox 1752 1265 1837 1317; x_wconf 78' lang='lat' dir='ltr'><strong><em>nautiie</em></strong></span> <span class='ocrx_word' id='word_1_145' title='bbox 1851 1281 1874 1321; x_wconf 83' lang='lat' dir='ltr'><strong><em>se·</em></strong></span> 
     </span>
     <span class='ocr_line' id='line_1_12' title="bbox 285 1349 1874 1422; baseline 0.001 -14"><span class='ocrx_word' id='word_1_146' title='bbox 285 1367 318 1408; x_wconf 89' lang='lat' dir='ltr'><strong><em>ae</em></strong></span> <span class='ocrx_word' id='word_1_147' title='bbox 331 1353 426 1418; x_wconf 87' lang='lat' dir='ltr'><strong><em>tristis,</em></strong></span> <span class='ocrx_word' id='word_1_148' title='bbox 442 1351 641 1407; x_wconf 86' lang='lat' dir='ltr'><strong><em>calamitatibus</em></strong></span> <span class='ocrx_word' id='word_1_149' title='bbox 656 1351 800 1408; x_wconf 88' lang='lat' dir='ltr'><strong><em>buruauis:</em></strong></span> <span class='ocrx_word' id='word_1_150' title='bbox 815 1359 842 1406; x_wconf 91' lang='lat' dir='ltr'><strong><em>et</em></strong></span> <span class='ocrx_word' id='word_1_151' title='bbox 856 1350 956 1406; x_wconf 88' lang='lat' dir='ltr'><strong><em>elamat</em></strong></span> <span class='ocrx_word' id='word_1_152' title='bbox 967 1367 1021 1404; x_wconf 93' lang='lat' dir='ltr'><strong><em>nou</em></strong></span> <span class='ocrx_word' id='word_1_153' title='bbox 1037 1367 1085 1405; x_wconf 84' lang='lat' dir='ltr'><strong><em>ro·</em></strong></span> <span class='ocrx_word' id='word_1_154' title='bbox 1136 1351 1259 1418; x_wconf 86' lang='lat' dir='ltr'><strong><em>pttfcttttu</em></strong></span> <span class='ocrx_word' id='word_1_155' title='bbox 1273 1349 1417 1408; x_wconf 89' lang='lat' dir='ltr'><strong><em>incubnuis</em></strong></span> <span class='ocrx_word' id='word_1_156' title='bbox 1433 1351 1514 1408; x_wconf 88' lang='lat' dir='ltr'><strong><em>tertio</em></strong></span> <span class='ocrx_word' id='word_1_157' title='bbox 1528 1361 1589 1422; x_wconf 88' lang='lat' dir='ltr'><strong><em>post</em></strong></span> <span class='ocrx_word' id='word_1_158' title='bbox 1606 1351 1650 1408; x_wconf 89' lang='lat' dir='ltr'><strong><em>die</em></strong></span> <span class='ocrx_word' id='word_1_159' title='bbox 1662 1351 1874 1422; x_wconf 86' lang='lat' dir='ltr'><strong><em>Niuiritasiiinstnt,</em></strong></span> 
     </span>
    </p>
   </div>
   <div class='ocr_carea' id='block_1_3' title="bbox 285 1443 1875 1612">
    <p class='ocr_par' dir='ltr' id='par_1_3' title="bbox 285 1443 1875 1612">
     <span class='ocr_line' id='line_1_13' title="bbox 285 1443 1875 1520; baseline 0.003 -19"><span class='ocrx_word' id='word_1_160' title='bbox 285 1458 329 1510; x_wconf 89' lang='lat' dir='ltr'><strong><em>ce,</em></strong></span> <span class='ocrx_word' id='word_1_161' title='bbox 344 1445 392 1500; x_wconf 88' lang='lat' dir='ltr'><strong><em>sed</em></strong></span> <span class='ocrx_word' id='word_1_162' title='bbox 413 1445 516 1501; x_wconf 88' lang='lat' dir='ltr'><strong><em>eorde:</em></strong></span> <span class='ocrx_word' id='word_1_163' title='bbox 541 1460 596 1499; x_wconf 92' lang='lat' dir='ltr'><strong><em>non</em></strong></span> <span class='ocrx_word' id='word_1_164' title='bbox 619 1445 750 1512; x_wconf 88' lang='lat' dir='ltr'><strong><em>elamore,</em></strong></span> <span class='ocrx_word' id='word_1_165' title='bbox 773 1444 822 1502; x_wconf 85' lang='lat' dir='ltr'><strong><em>sed</em></strong></span> <span class='ocrx_word' id='word_1_166' title='bbox 847 1443 911 1510; x_wconf 77' lang='lat' dir='ltr'><strong><em>dulc,</em></strong></span> <span class='ocrx_word' id='word_1_167' title='bbox 933 1459 1013 1514; x_wconf 87' lang='lat' dir='ltr'><strong><em>quant</em></strong></span> <span class='ocrx_word' id='word_1_168' title='bbox 1034 1445 1087 1499; x_wconf 86' lang='lat' dir='ltr'><strong><em>scit</em></strong></span> <span class='ocrx_word' id='word_1_169' title='bbox 1141 1447 1309 1504; x_wconf 76' lang='lat' dir='ltr'><strong><em>terribilibus</em></strong></span> <span class='ocrx_word' id='word_1_170' title='bbox 1325 1446 1443 1504; x_wconf 87' lang='lat' dir='ltr'><strong><em>oraculis</em></strong></span> <span class='ocrx_word' id='word_1_171' title='bbox 1470 1447 1587 1504; x_wconf 88' lang='lat' dir='ltr'><strong><em>salutem</em></strong></span> <span class='ocrx_word' id='word_1_172' title='bbox 1613 1447 1715 1504; x_wconf 85' lang='lat' dir='ltr'><strong><em>civitati</em></strong></span> <span class='ocrx_word' id='word_1_173' title='bbox 1740 1449 1789 1520; x_wconf 84' lang='grc'><strong>(15)</strong></span> <span class='ocrx_word' id='word_1_174' title='bbox 1802 1451 1875 1506; x_wconf 86' lang='lat' dir='ltr'><strong><em>credab</em></strong></span> 
     </span>
     <span class='ocr_line' id='line_1_14' title="bbox 286 1535 1328 1612; baseline 0.003 -19"><span class='ocrx_word' id='word_1_175' title='bbox 286 1537 371 1594; x_wconf 87' lang='lat' dir='ltr'><strong><em>beatu</em></strong></span> <span class='ocrx_word' id='word_1_176' title='bbox 385 1537 501 1592; x_wconf 88' lang='lat' dir='ltr'><strong><em>libenter</em></strong></span> <span class='ocrx_word' id='word_1_177' title='bbox 511 1537 615 1602; x_wconf 85' lang='lat' dir='ltr'><strong><em>audire.</em></strong></span> <span class='ocrx_word' id='word_1_178' title='bbox 630 1537 688 1592; x_wconf 91' lang='lat' dir='ltr'><strong><em>lioc</em></strong></span> <span class='ocrx_word' id='word_1_179' title='bbox 701 1537 780 1607; x_wconf 92' lang='lat' dir='ltr'><strong><em>igitur</em></strong></span> <span class='ocrx_word' id='word_1_180' title='bbox 793 1553 808 1594; x_wconf 86' lang='lat' dir='ltr'><strong><em>e</em></strong></span> <span class='ocrx_word' id='word_1_181' title='bbox 819 1535 952 1608; x_wconf 90' lang='lat' dir='ltr'><strong><em>profundo</em></strong></span> <span class='ocrx_word' id='word_1_182' title='bbox 963 1537 1086 1593; x_wconf 86' lang='lat' dir='ltr'><strong><em>clamans</em></strong></span> <span class='ocrx_word' id='word_1_183' title='bbox 1141 1549 1328 1612; x_wconf 67' lang='lat' dir='ltr'><strong><em>praestaturus.</em></strong></span> 
     </span>
    </p>
   </div>
   <div class='ocr_carea' id='block_1_4' title="bbox 284 1627 1926 3672">
    <p class='ocr_par' dir='ltr' id='par_1_4' title="bbox 284 1627 1926 2736">
     <span class='ocr_line' id='line_1_15' title="bbox 284 1627 1877 1712; baseline 0.006 -28"><span class='ocrx_word' id='word_1_184' title='bbox 284 1629 411 1685; x_wconf 90' lang='lat' dir='ltr'><strong><em>siutiliter</em></strong></span> <span class='ocrx_word' id='word_1_185' title='bbox 431 1629 526 1686; x_wconf 87' lang='lat' dir='ltr'><strong><em>Petrus</em></strong></span> <span class='ocrx_word' id='word_1_186' title='bbox 546 1629 699 1699; x_wconf 83' lang='lat' dir='ltr'><strong><em>impetrarit</em></strong></span> <span class='ocrx_word' id='word_1_187' title='bbox 720 1645 735 1684; x_wconf 91' lang='lat' dir='ltr'><strong><em>a</em></strong></span> <span class='ocrx_word' id='word_1_188' title='bbox 759 1629 886 1696; x_wconf 83' lang='lat' dir='ltr'><strong><em>burmiuo,</em></strong></span> <span class='ocrx_word' id='word_1_189' title='bbox 909 1641 939 1685; x_wconf 92' lang='lat' dir='ltr'><strong><em>ut</em></strong></span> <span class='ocrx_word' id='word_1_190' title='bbox 958 1629 1085 1701; x_wconf 92' lang='lat' dir='ltr'><strong><em>profuudi</em></strong></span> <span class='ocrx_word' id='word_1_191' title='bbox 1173 1635 1215 1692; x_wconf 90' lang='lat' dir='ltr'><strong><em>fif.</em></strong></span> <span class='ocrx_word' id='word_1_192' title='bbox 1237 1637 1374 1706; x_wconf 85' lang='lat' dir='ltr'><strong><em>Quantum</em></strong></span> <span class='ocrx_word' id='word_1_193' title='bbox 1389 1637 1470 1693; x_wconf 91' lang='lat' dir='ltr'><strong><em>datur</em></strong></span> <span class='ocrx_word' id='word_1_194' title='bbox 1482 1635 1613 1710; x_wconf 87' lang='lat' dir='ltr'><strong><em>intelligi,</em></strong></span> <span class='ocrx_word' id='word_1_195' title='bbox 1636 1635 1746 1702; x_wconf 85' lang='lat' dir='ltr'><strong><em>fratres,</em></strong></span> <span class='ocrx_word' id='word_1_196' title='bbox 1760 1627 1877 1712; x_wconf 73' lang='lat' dir='ltr'><strong><em>natisque</em></strong></span> 
     </span>
     <span class='ocr_line' id='line_1_16' title="bbox 286 1722 1926 1803; baseline 0.004 -23"><span class='ocrx_word' id='word_1_197' title='bbox 286 1723 371 1780; x_wconf 89' lang='lat' dir='ltr'><strong><em>maris</em></strong></span> <span class='ocrx_word' id='word_1_198' title='bbox 384 1723 504 1780; x_wconf 89' lang='lat' dir='ltr'><strong><em>lubricos</em></strong></span> <span class='ocrx_word' id='word_1_199' title='bbox 515 1724 591 1779; x_wconf 90' lang='lat' dir='ltr'><strong><em>sinus</em></strong></span> <span class='ocrx_word' id='word_1_200' title='bbox 603 1722 791 1794; x_wconf 72' lang='lat' dir='ltr'><strong><em>insubditaque</em></strong></span> <span class='ocrx_word' id='word_1_201' title='bbox 804 1722 930 1778; x_wconf 81' lang='lat' dir='ltr'><strong><em>bertranis</em></strong></span> <span class='ocrx_word' id='word_1_202' title='bbox 944 1723 1084 1794; x_wconf 75' lang='lat' dir='ltr'><strong><em>gressibus</em></strong></span> <span class='ocrx_word' id='word_1_203' title='bbox 1137 1739 1178 1785; x_wconf 81' lang='lat' dir='ltr'><strong><em>est</em></strong></span> <span class='ocrx_word' id='word_1_204' title='bbox 1192 1743 1354 1802; x_wconf 72' lang='lat' dir='ltr'><strong><em>synagoge:</em></strong></span> <span class='ocrx_word' id='word_1_205' title='bbox 1371 1729 1430 1800; x_wconf 86' lang='lat' dir='ltr'><strong><em>ejus</em></strong></span> <span class='ocrx_word' id='word_1_206' title='bbox 1446 1729 1502 1802; x_wconf 85' lang='grc'><strong>(16)</strong></span> <span class='ocrx_word' id='word_1_207' title='bbox 1514 1739 1651 1802; x_wconf 88' lang='lat' dir='ltr'><strong><em>proretam</em></strong></span> <span class='ocrx_word' id='word_1_208' title='bbox 1663 1731 1877 1803; x_wconf 80' lang='lat' dir='ltr'><strong><em>sacerdotabcups</em></strong></span> <span class='ocrx_word' id='word_1_209' title='bbox 1925 1769 1926 1782; x_wconf 44' lang='grc' dir='ltr'><strong>ι</strong></span> 
     </span>
     <span class='ocr_line' id='line_1_17' title="bbox 288 1815 1926 1896; baseline 0.004 -24"><span class='ocrx_word' id='word_1_210' title='bbox 288 1816 517 1888; x_wconf 72' lang='lat' dir='ltr'><strong><em>liquidi‘aequoris</em></strong></span> <span class='ocrx_word' id='word_1_211' title='bbox 530 1825 604 1888; x_wconf 87' lang='lat' dir='ltr'><strong><em>terga</em></strong></span> <span class='ocrx_word' id='word_1_212' title='bbox 617 1858 625 1881; x_wconf 87' lang='lat'><strong><em>,</em></strong></span> <span class='ocrx_word' id='word_1_213' title='bbox 640 1817 738 1888; x_wconf 88' lang='lat' dir='ltr'><strong><em>quibus</em></strong></span> <span class='ocrx_word' id='word_1_214' title='bbox 753 1815 973 1884; x_wconf 79' lang='lat' dir='ltr'><strong><em>uiatortrepidus</em></strong></span> <span class='ocrx_word' id='word_1_215' title='bbox 984 1817 1082 1874; x_wconf 85' lang='lat' dir='ltr'><strong><em>absor-</em></strong></span> <span class='ocrx_word' id='word_1_216' title='bbox 1099 1817 1302 1891; x_wconf 84' lang='lat' dir='ltr'><strong><em>Baccipiruus,</em></strong></span> <span class='ocrx_word' id='word_1_217' title='bbox 1325 1831 1421 1878; x_wconf 88' lang='lat' dir='ltr'><strong><em>narttas</em></strong></span> <span class='ocrx_word' id='word_1_218' title='bbox 1440 1823 1544 1880; x_wconf 87' lang='lat' dir='ltr'><strong><em>scribas</em></strong></span> <span class='ocrx_word' id='word_1_219' title='bbox 1563 1833 1592 1878; x_wconf 88' lang='lat' dir='ltr'><strong><em>et</em></strong></span> <span class='ocrx_word' id='word_1_220' title='bbox 1616 1823 1778 1894; x_wconf 78' lang='lat' dir='ltr'><strong><em>phariseos,</em></strong></span> <span class='ocrx_word' id='word_1_221' title='bbox 1793 1825 1877 1893; x_wconf 78' lang='lat' dir='ltr'><strong><em>launna</em></strong></span> <span class='ocrx_word' id='word_1_222' title='bbox 1925 1817 1926 1896; x_wconf 57' lang='lat' dir='ltr'><strong><em>p</em></strong></span> 
     </span>
     <span class='ocr_line' id='line_1_18' title="bbox 289 1905 1926 1990; baseline 0.004 -22"><span class='ocrx_word' id='word_1_223' title='bbox 289 1911 414 1978; x_wconf 82' lang='lat' dir='ltr'><strong><em>bebatur,</em></strong></span> <span class='ocrx_word' id='word_1_224' title='bbox 427 1920 455 1968; x_wconf 86' lang='lat' dir='ltr'><strong><em>ct</em></strong></span> <span class='ocrx_word' id='word_1_225' title='bbox 470 1913 671 1984; x_wconf 87' lang='lat' dir='ltr'><strong><em>perambularet</em></strong></span> <span class='ocrx_word' id='word_1_226' title='bbox 683 1913 783 1982; x_wconf 90' lang='lat' dir='ltr'><strong><em>pariter</em></strong></span> <span class='ocrx_word' id='word_1_227' title='bbox 793 1913 960 1970; x_wconf 84' lang='lat' dir='ltr'><strong><em>eteuadcret</em></strong></span> <span class='ocrx_word' id='word_1_228' title='bbox 974 1911 1084 1986; x_wconf 74' lang='lat' dir='ltr'><strong><em>(eant.</em></strong></span> <span class='ocrx_word' id='word_1_229' title='bbox 1139 1931 1265 1970; x_wconf 87' lang='lat' dir='ltr'><strong><em>rasurum</em></strong></span> <span class='ocrx_word' id='word_1_230' title='bbox 1294 1917 1509 1986; x_wconf 82' lang='lat' dir='ltr'><strong><em>repudiationem</em></strong></span> <span class='ocrx_word' id='word_1_231' title='bbox 1538 1921 1734 1990; x_wconf 76' lang='lat' dir='ltr'><strong><em>prophetarum</em></strong></span> <span class='ocrx_word' id='word_1_232' title='bbox 1758 1921 1877 1990; x_wconf 83' lang='lat' dir='ltr'><strong><em>omniumque</em></strong></span> <span class='ocrx_word' id='word_1_233' title='bbox 1925 1905 1926 1956; x_wconf 75' lang='lat' dir='ltr'><strong><em>l</em></strong></span> 
     </span>
     <span class='ocr_line' id='line_1_19' title="bbox 288 2004 1925 2082; baseline 0.003 -20"><span class='ocrx_word' id='word_1_234' title='bbox 288 2021 348 2070; x_wconf 80' lang='lat' dir='ltr'><strong><em>xiv,</em></strong></span> <span class='ocrx_word' id='word_1_235' title='bbox 362 2005 409 2074; x_wconf 73' lang='lat' dir='ltr'><strong><em>ab,</em></strong></span> <span class='ocrx_word' id='word_1_236' title='bbox 421 2006 480 2082; x_wconf 72' lang='grc'><strong>31).</strong></span> <span class='ocrx_word' id='word_1_237' title='bbox 494 2004 601 2062; x_wconf 88' lang='lat' dir='ltr'><strong><em>Clamat</em></strong></span> <span class='ocrx_word' id='word_1_238' title='bbox 611 2007 644 2062; x_wconf 90' lang='lat' dir='ltr'><strong><em>de</em></strong></span> <span class='ocrx_word' id='word_1_239' title='bbox 658 2005 800 2078; x_wconf 81' lang='lat' dir='ltr'><strong><em>profundis</em></strong></span> <span class='ocrx_word' id='word_1_240' title='bbox 822 2006 959 2062; x_wconf 87' lang='lat' dir='ltr'><strong><em>etPaulus</em></strong></span> <span class='ocrx_word' id='word_1_241' title='bbox 972 2007 1087 2063; x_wconf 87' lang='lat' dir='ltr'><strong><em>obrutus</em></strong></span> <span class='ocrx_word' id='word_1_242' title='bbox 1137 2017 1311 2076; x_wconf 86' lang='lat' dir='ltr'><strong><em>sanctorum,</em></strong></span> <span class='ocrx_word' id='word_1_243' title='bbox 1326 2023 1395 2080; x_wconf 90' lang='lat' dir='ltr'><strong><em>quos</em></strong></span> <span class='ocrx_word' id='word_1_244' title='bbox 1412 2023 1548 2082; x_wconf 79' lang='lat' dir='ltr'><strong><em>synagoga</em></strong></span> <span class='ocrx_word' id='word_1_245' title='bbox 1567 2012 1662 2082; x_wconf 86' lang='lat' dir='ltr'><strong><em>pulsos</em></strong></span> <span class='ocrx_word' id='word_1_246' title='bbox 1676 2010 1758 2068; x_wconf 82' lang='lat' dir='ltr'><strong><em>iudai</em></strong></span> <span class='ocrx_word' id='word_1_247' title='bbox 1778 2013 1800 2068; x_wconf 96' lang='lat' dir='ltr'><strong><em>iu</em></strong></span> <span class='ocrx_word' id='word_1_248' title='bbox 1817 2014 1876 2067; x_wconf 79' lang='lat' dir='ltr'><strong><em>daun</em></strong></span> <span class='ocrx_word' id='word_1_249' title='bbox 1924 2030 1925 2035; x_wconf 47' lang='lat'>¹</span> 
     </span>
     <span class='ocr_line' id='line_1_20' title="bbox 288 2101 1876 2174; baseline 0.003 -16"><span class='ocrx_word' id='word_1_250' title='bbox 288 2101 489 2158; x_wconf 78' lang='lat' dir='ltr'><strong><em>calamitatibus</em></strong></span> <span class='ocrx_word' id='word_1_251' title='bbox 504 2102 608 2171; x_wconf 90' lang='lat' dir='ltr'><strong><em>beatis,</em></strong></span> <span class='ocrx_word' id='word_1_252' title='bbox 621 2118 683 2159; x_wconf 88' lang='lat' dir='ltr'><strong><em>curo</em></strong></span> <span class='ocrx_word' id='word_1_253' title='bbox 696 2119 744 2171; x_wconf 93' lang='lat' dir='ltr'><strong><em>pro</em></strong></span> <span class='ocrx_word' id='word_1_254' title='bbox 760 2103 870 2158; x_wconf 87' lang='lat' dir='ltr'><strong><em>nomine</em></strong></span> <span class='ocrx_word' id='word_1_255' title='bbox 884 2101 989 2157; x_wconf 79' lang='lat' dir='ltr'><strong><em>Domini</em></strong></span> <span class='ocrx_word' id='word_1_256' title='bbox 1002 2103 1086 2158; x_wconf 85' lang='lat' dir='ltr'><strong><em>iatro-</em></strong></span> <span class='ocrx_word' id='word_1_257' title='bbox 1138 2101 1232 2158; x_wconf 89' lang='lat' dir='ltr'><strong><em>salutis</em></strong></span> <span class='ocrx_word' id='word_1_258' title='bbox 1245 2118 1301 2158; x_wconf 79' lang='lat' dir='ltr'><strong><em>sue</em></strong></span> <span class='ocrx_word' id='word_1_259' title='bbox 1316 2102 1431 2174; x_wconf 84' lang='lat' dir='ltr'><strong><em>indignis</em></strong></span> <span class='ocrx_word' id='word_1_260' title='bbox 1445 2103 1563 2160; x_wconf 76' lang='lat' dir='ltr'><strong><em>cetiibus</em></strong></span> <span class='ocrx_word' id='word_1_261' title='bbox 1578 2115 1770 2162; x_wconf 82' lang='lat' dir='ltr'><strong><em>mactaverunt.</em></strong></span> <span class='ocrx_word' id='word_1_262' title='bbox 1782 2105 1876 2162; x_wconf 73' lang='lat' dir='ltr'><strong><em>featisn</em></strong></span> 
     </span>
     <span class='ocr_line' id='line_1_21' title="bbox 289 2193 1879 2272; baseline 0.004 -23"><span class='ocrx_word' id='word_1_263' title='bbox 289 2209 338 2250; x_wconf 88' lang='lat' dir='ltr'><strong><em>nes</em></strong></span> <span class='ocrx_word' id='word_1_264' title='bbox 353 2193 380 2249; x_wconf 92' lang='lat' dir='ltr'><strong><em>iu</em></strong></span> <span class='ocrx_word' id='word_1_265' title='bbox 392 2194 546 2264; x_wconf 72' lang='lat' dir='ltr'><strong><em>itineribus,</em></strong></span> <span class='ocrx_word' id='word_1_266' title='bbox 558 2195 714 2252; x_wconf 89' lang='lat' dir='ltr'><strong><em>fatrouesio</em></strong></span> <span class='ocrx_word' id='word_1_267' title='bbox 726 2196 881 2252; x_wconf 82' lang='lat' dir='ltr'><strong><em>ciuitatibus</em></strong></span> <span class='ocrx_word' id='word_1_268' title='bbox 894 2196 996 2266; x_wconf 88' lang='lat' dir='ltr'><strong><em>patitur</em></strong></span> <span class='ocrx_word' id='word_1_269' title='bbox 1006 2214 1013 2252; x_wconf 85' lang='lat' dir='ltr'><strong><em>r</em></strong></span> <span class='ocrx_word' id='word_1_270' title='bbox 1025 2211 1087 2252; x_wconf 90' lang='lat' dir='ltr'><strong><em>cum</em></strong></span> <span class='ocrx_word' id='word_1_271' title='bbox 1139 2193 1244 2250; x_wconf 83' lang='lat' dir='ltr'><strong><em>tientes</em></strong></span> <span class='ocrx_word' id='word_1_272' title='bbox 1266 2193 1366 2250; x_wconf 86' lang='lat' dir='ltr'><strong><em>diuersi</em></strong></span> <span class='ocrx_word' id='word_1_273' title='bbox 1378 2205 1442 2250; x_wconf 87' lang='lat' dir='ltr'><strong><em>sant</em></strong></span> <span class='ocrx_word' id='word_1_274' title='bbox 1462 2195 1546 2270; x_wconf 64' lang='grc' dir='ltr'>Μ</span> <span class='ocrx_word' id='word_1_275' title='bbox 1563 2197 1623 2270; x_wconf 88' lang='grc'><strong>(17)</strong></span> <span class='ocrx_word' id='word_1_276' title='bbox 1639 2213 1734 2270; x_wconf 86' lang='lat' dir='ltr'><strong><em>reges,</em></strong></span> <span class='ocrx_word' id='word_1_277' title='bbox 1755 2200 1794 2272; x_wconf 92' lang='lat' dir='ltr'><strong><em>qui</em></strong></span> <span class='ocrx_word' id='word_1_278' title='bbox 1805 2198 1879 2254; x_wconf 76' lang='lat' dir='ltr'><strong><em>turs</em></strong></span> 
     </span>
     <span class='ocr_line' id='line_1_22' title="bbox 287 2284 1881 2368; baseline 0.003 -28"><span class='ocrx_word' id='word_1_279' title='bbox 287 2285 417 2342; x_wconf 74' lang='lat' dir='ltr'><strong><em>aludccis</em></strong></span> <span class='ocrx_word' id='word_1_280' title='bbox 435 2289 518 2360; x_wconf 80' lang='lat' dir='ltr'><strong><em>virgis</em></strong></span> <span class='ocrx_word' id='word_1_281' title='bbox 538 2297 580 2344; x_wconf 90' lang='lat' dir='ltr'><strong><em>ter</em></strong></span> <span class='ocrx_word' id='word_1_282' title='bbox 592 2303 681 2368; x_wconf 74' lang='lat' dir='ltr'><strong><em>caesus</em></strong></span> <span class='ocrx_word' id='word_1_283' title='bbox 703 2288 842 2361; x_wconf 87' lang='lat' dir='ltr'><strong><em>rtaufragio</em></strong></span> <span class='ocrx_word' id='word_1_284' title='bbox 861 2291 934 2345; x_wconf 89' lang='lat' dir='ltr'><strong><em>trino</em></strong></span> <span class='ocrx_word' id='word_1_285' title='bbox 956 2289 1086 2347; x_wconf 89' lang='lat' dir='ltr'><strong><em>diluitur:</em></strong></span> <span class='ocrx_word' id='word_1_286' title='bbox 1140 2284 1246 2357; x_wconf 86' lang='lat' dir='ltr'><strong><em>lugubri</em></strong></span> <span class='ocrx_word' id='word_1_287' title='bbox 1268 2287 1398 2360; x_wconf 87' lang='lat' dir='ltr'><strong><em>ciatrgore</em></strong></span> <span class='ocrx_word' id='word_1_288' title='bbox 1413 2287 1538 2342; x_wconf 88' lang='lat' dir='ltr'><strong><em>tubarum</em></strong></span> <span class='ocrx_word' id='word_1_289' title='bbox 1554 2300 1746 2362; x_wconf 85' lang='lat' dir='ltr'><strong><em>armorumque</em></strong></span> <span class='ocrx_word' id='word_1_290' title='bbox 1761 2289 1881 2361; x_wconf 83' lang='lat' dir='ltr'><strong><em>tragauu·</em></strong></span> 
     </span>
     <span class='ocr_line' id='line_1_23' title="bbox 287 2377 1881 2456; baseline 0.001 -21"><span class='ocrx_word' id='word_1_291' title='bbox 287 2395 349 2435; x_wconf 89' lang='lat' dir='ltr'><strong><em>curu</em></strong></span> <span class='ocrx_word' id='word_1_292' title='bbox 366 2381 453 2436; x_wconf 83' lang='lat' dir='ltr'><strong><em>lusani</em></strong></span> <span class='ocrx_word' id='word_1_293' title='bbox 473 2380 566 2453; x_wconf 92' lang='lat' dir='ltr'><strong><em>popuii</em></strong></span> <span class='ocrx_word' id='word_1_294' title='bbox 579 2381 723 2438; x_wconf 90' lang='lat' dir='ltr'><strong><em>furibunda</em></strong></span> <span class='ocrx_word' id='word_1_295' title='bbox 739 2391 899 2454; x_wconf 75' lang='lat' dir='ltr'><strong><em>tempestate</em></strong></span> <span class='ocrx_word' id='word_1_296' title='bbox 912 2381 1028 2454; x_wconf 80' lang='lat' dir='ltr'><strong><em>lapideis</em></strong></span> <span class='ocrx_word' id='word_1_297' title='bbox 1042 2383 1090 2438; x_wconf 92' lang='lat' dir='ltr'><strong><em>iut·</em></strong></span> <span class='ocrx_word' id='word_1_298' title='bbox 1140 2377 1230 2448; x_wconf 77' lang='lat' dir='ltr'><strong><em>rituti,</em></strong></span> <span class='ocrx_word' id='word_1_299' title='bbox 1247 2381 1409 2438; x_wconf 85' lang='lat' dir='ltr'><strong><em>instantibus</em></strong></span> <span class='ocrx_word' id='word_1_300' title='bbox 1422 2381 1543 2454; x_wconf 90' lang='lat' dir='ltr'><strong><em>undique</em></strong></span> <span class='ocrx_word' id='word_1_301' title='bbox 1555 2381 1711 2454; x_wconf 76' lang='lat' dir='ltr'><strong><em>pretiorum</em></strong></span> <span class='ocrx_word' id='word_1_302' title='bbox 1726 2384 1843 2456; x_wconf 86' lang='lat' dir='ltr'><strong><em>procedis,</em></strong></span> <span class='ocrx_word' id='word_1_303' title='bbox 1853 2385 1881 2438; x_wconf 91' lang='lat' dir='ltr'><strong><em>ni·</em></strong></span> 
     </span>
     <span class='ocr_line' id='line_1_24' title="bbox 289 2469 1882 2547; baseline 0.003 -20"><span class='ocrx_word' id='word_1_304' title='bbox 289 2471 382 2528; x_wconf 92' lang='lat' dir='ltr'><strong><em>bribus</em></strong></span> <span class='ocrx_word' id='word_1_305' title='bbox 405 2469 520 2529; x_wconf 78' lang='lat' dir='ltr'><strong><em>feliciter</em></strong></span> <span class='ocrx_word' id='word_1_306' title='bbox 537 2473 595 2547; x_wconf 87' lang='lat' dir='ltr'><strong><em>(ff)</em></strong></span> <span class='ocrx_word' id='word_1_307' title='bbox 608 2473 803 2546; x_wconf 81' lang='lat' dir='ltr'><strong><em>grandinatur:</em></strong></span> <span class='ocrx_word' id='word_1_308' title='bbox 829 2478 932 2532; x_wconf 89' lang='lat' dir='ltr'><strong><em>cuuriu</em></strong></span> <span class='ocrx_word' id='word_1_309' title='bbox 950 2473 1089 2547; x_wconf 89' lang='lat' dir='ltr'><strong><em>profundo</em></strong></span> <span class='ocrx_word' id='word_1_310' title='bbox 1140 2471 1296 2528; x_wconf 73' lang='lat' dir='ltr'><strong><em>derabiliter</em></strong></span> <span class='ocrx_word' id='word_1_311' title='bbox 1320 2489 1368 2544; x_wconf 85' lang='lat' dir='ltr'><strong><em>per</em></strong></span> <span class='ocrx_word' id='word_1_312' title='bbox 1389 2484 1476 2530; x_wconf 91' lang='lat' dir='ltr'><strong><em>toturn</em></strong></span> <span class='ocrx_word' id='word_1_313' title='bbox 1500 2473 1595 2534; x_wconf 85' lang='lat' dir='ltr'><strong><em>orbern</em></strong></span> <span class='ocrx_word' id='word_1_314' title='bbox 1616 2476 1768 2546; x_wconf 87' lang='lat' dir='ltr'><strong><em>dispersere</em></strong></span> <span class='ocrx_word' id='word_1_315' title='bbox 1788 2486 1882 2533; x_wconf 81' lang='lat' dir='ltr'><strong><em>tunna.</em></strong></span> 
     </span>
     <span class='ocr_line' id='line_1_25' title="bbox 288 2565 1882 2640; baseline 0.003 -20"><span class='ocrx_word' id='word_1_316' title='bbox 288 2566 372 2622; x_wconf 86' lang='lat' dir='ltr'><strong><em>maris</em></strong></span> <span class='ocrx_word' id='word_1_317' title='bbox 395 2565 439 2621; x_wconf 90' lang='lat' dir='ltr'><strong><em>die</em></strong></span> <span class='ocrx_word' id='word_1_318' title='bbox 459 2567 709 2640; x_wconf 66' lang='lat' dir='ltr'><strong><em>mdeutoratus</em></strong></span> <span class='ocrx_word' id='word_1_319' title='bbox 721 2583 754 2626; x_wconf 81' lang='lat' dir='ltr'><strong><em>sc</em></strong></span> <span class='ocrx_word' id='word_1_320' title='bbox 777 2577 868 2638; x_wconf 87' lang='lat' dir='ltr'><strong><em>noete,</em></strong></span> <span class='ocrx_word' id='word_1_321' title='bbox 883 2567 918 2623; x_wconf 95' lang='lat' dir='ltr'><strong><em>ad</em></strong></span> <span class='ocrx_word' id='word_1_322' title='bbox 932 2570 1016 2625; x_wconf 85' lang='lat' dir='ltr'><strong><em>bertot</em></strong></span> <span class='ocrx_word' id='word_1_323' title='bbox 1036 2570 1087 2636; x_wconf 87' lang='lat' dir='ltr'><strong><em>cla,</em></strong></span> <span class='ocrx_word' id='word_1_324' title='bbox 1140 2567 1224 2626; x_wconf 82' lang='lat' dir='ltr'><strong><em>Jonas</em></strong></span> <span class='ocrx_word' id='word_1_325' title='bbox 1239 2571 1266 2626; x_wconf 90' lang='lat' dir='ltr'><strong><em>iu</em></strong></span> <span class='ocrx_word' id='word_1_326' title='bbox 1287 2571 1348 2624; x_wconf 87' lang='lat' dir='ltr'><strong><em>navi</em></strong></span> <span class='ocrx_word' id='word_1_327' title='bbox 1368 2569 1508 2626; x_wconf 89' lang='lat' dir='ltr'><strong><em>dormiens</em></strong></span> <span class='ocrx_word' id='word_1_328' title='bbox 1521 2570 1686 2626; x_wconf 84' lang='lat' dir='ltr'><strong><em>sacramenti</em></strong></span> <span class='ocrx_word' id='word_1_329' title='bbox 1702 2570 1882 2640; x_wconf 70' lang='lat' dir='ltr'><strong><em>mutilatum</em></strong></span> 
     </span>
     <span class='ocr_line' id='line_1_26' title="bbox 289 2660 1883 2736; baseline 0.001 -20"><span class='ocrx_word' id='word_1_330' title='bbox 289 2675 369 2716; x_wconf 88' lang='lat' dir='ltr'><strong><em>mans</em></strong></span> <span class='ocrx_word' id='word_1_331' title='bbox 383 2660 525 2718; x_wconf 86' lang='lat' dir='ltr'><strong><em>incolumis</em></strong></span> <span class='ocrx_word' id='word_1_332' title='bbox 536 2662 600 2718; x_wconf 90' lang='lat' dir='ltr'><strong><em>iude</em></strong></span> <span class='ocrx_word' id='word_1_333' title='bbox 612 2662 748 2735; x_wconf 75' lang='lat' dir='ltr'><strong><em>respuitur</em></strong></span> <span class='ocrx_word' id='word_1_334' title='bbox 761 2663 797 2736; x_wconf 92' lang='grc' dir='ltr'><strong><em>(ΙΙ</em></strong></span> <span class='ocrx_word' id='word_1_335' title='bbox 810 2662 870 2718; x_wconf 82' lang='lat' dir='ltr'><strong><em>Cor.</em></strong></span> <span class='ocrx_word' id='word_1_336' title='bbox 884 2661 926 2736; x_wconf 92' lang='grc' dir='ltr'><strong>ιι).</strong></span> <span class='ocrx_word' id='word_1_337' title='bbox 1143 2679 1204 2720; x_wconf 89' lang='lat' dir='ltr'><strong><em>uera</em></strong></span> <span class='ocrx_word' id='word_1_338' title='bbox 1217 2664 1393 2736; x_wconf 72' lang='lat' dir='ltr'><strong><em>praeferebat,</em></strong></span> <span class='ocrx_word' id='word_1_339' title='bbox 1419 2665 1522 2721; x_wconf 87' lang='lat' dir='ltr'><strong><em>etenim</em></strong></span> <span class='ocrx_word' id='word_1_340' title='bbox 1541 2664 1715 2736; x_wconf 85' lang='lat' dir='ltr'><strong><em>significabat</em></strong></span> <span class='ocrx_word' id='word_1_341' title='bbox 1733 2667 1800 2722; x_wconf 84' lang='lat' dir='ltr'><strong><em>naris</em></strong></span> <span class='ocrx_word' id='word_1_342' title='bbox 1815 2667 1883 2720; x_wconf 77' lang='lat' dir='ltr'><strong><em>natac</em></strong></span> 
     </span>
    </p>

    <p class='ocr_par' dir='ltr' id='par_1_5' title="bbox 284 2757 1887 3672">
     <span class='ocr_line' id='line_1_27' title="bbox 325 2757 1883 2830; baseline 0.003 -18"><span class='ocrx_word' id='word_1_343' title='bbox 325 2757 356 2814; x_wconf 91' lang='lat' dir='ltr'><strong><em>tt.</em></strong></span> <span class='ocrx_word' id='word_1_344' title='bbox 376 2758 460 2814; x_wconf 76' lang='lat' dir='ltr'><strong><em>Jurrtas</em></strong></span> <span class='ocrx_word' id='word_1_345' title='bbox 478 2757 591 2830; x_wconf 82' lang='lat' dir='ltr'><strong><em>adaeqne</em></strong></span> <span class='ocrx_word' id='word_1_346' title='bbox 614 2757 745 2829; x_wconf 88' lang='lat' dir='ltr'><strong><em>propbeta</em></strong></span> <span class='ocrx_word' id='word_1_347' title='bbox 759 2759 793 2814; x_wconf 90' lang='lat' dir='ltr'><strong><em>ad</em></strong></span> <span class='ocrx_word' id='word_1_348' title='bbox 807 2758 938 2814; x_wconf 80' lang='lat' dir='ltr'><strong><em>Ninivitas</em></strong></span> <span class='ocrx_word' id='word_1_349' title='bbox 954 2760 1055 2817; x_wconf 87' lang='lat' dir='ltr'><strong><em>missus</em></strong></span> <span class='ocrx_word' id='word_1_350' title='bbox 1074 2773 1088 2813; x_wconf 88' lang='lat' dir='ltr'><strong><em>a</em></strong></span> <span class='ocrx_word' id='word_1_351' title='bbox 1141 2773 1268 2826; x_wconf 87' lang='lat' dir='ltr'><strong><em>crucem,</em></strong></span> <span class='ocrx_word' id='word_1_352' title='bbox 1284 2768 1477 2816; x_wconf 76' lang='lat' dir='ltr'><strong><em>emrtuostero</em></strong></span> <span class='ocrx_word' id='word_1_353' title='bbox 1493 2761 1655 2827; x_wconf 85' lang='lat' dir='ltr'><strong><em>passionem.</em></strong></span> <span class='ocrx_word' id='word_1_354' title='bbox 1672 2760 1743 2818; x_wconf 85' lang='lat' dir='ltr'><strong><em>ifare</em></strong></span> <span class='ocrx_word' id='word_1_355' title='bbox 1758 2770 1883 2816; x_wconf 77' lang='lat' dir='ltr'><strong><em>tutatum</em></strong></span> 
     </span>
     <span class='ocr_line' id='line_1_28' title="bbox 288 2849 1883 2924; baseline -0.002 -17"><span class='ocrx_word' id='word_1_356' title='bbox 288 2851 346 2907; x_wconf 85' lang='lat' dir='ltr'><strong><em>beo</em></strong></span> <span class='ocrx_word' id='word_1_357' title='bbox 359 2861 418 2915; x_wconf 85' lang='lat' dir='ltr'><strong><em>est,</em></strong></span> <span class='ocrx_word' id='word_1_358' title='bbox 431 2863 526 2908; x_wconf 83' lang='lat' dir='ltr'><strong><em>eorum</em></strong></span> <span class='ocrx_word' id='word_1_359' title='bbox 540 2860 570 2907; x_wconf 92' lang='lat' dir='ltr'><strong><em>ut</em></strong></span> <span class='ocrx_word' id='word_1_360' title='bbox 580 2852 723 2907; x_wconf 85' lang='lat' dir='ltr'><strong><em>imminere</em></strong></span> <span class='ocrx_word' id='word_1_361' title='bbox 736 2852 838 2906; x_wconf 79' lang='lat' dir='ltr'><strong><em>ciuitati</em></strong></span> <span class='ocrx_word' id='word_1_362' title='bbox 855 2851 995 2906; x_wconf 85' lang='lat' dir='ltr'><strong><em>interitum</em></strong></span> <span class='ocrx_word' id='word_1_363' title='bbox 1018 2864 1089 2906; x_wconf 90' lang='lat' dir='ltr'><strong><em>uun·</em></strong></span> <span class='ocrx_word' id='word_1_364' title='bbox 1142 2853 1192 2907; x_wconf 90' lang='lat' dir='ltr'><strong><em>dus</em></strong></span> <span class='ocrx_word' id='word_1_365' title='bbox 1204 2861 1245 2907; x_wconf 90' lang='lat' dir='ltr'><strong><em>cst</em></strong></span> <span class='ocrx_word' id='word_1_366' title='bbox 1257 2851 1309 2907; x_wconf 86' lang='lat' dir='ltr'><strong><em>iste</em></strong></span> <span class='ocrx_word' id='word_1_367' title='bbox 1323 2851 1461 2907; x_wconf 81' lang='lat' dir='ltr'><strong><em>tumidus:</em></strong></span> <span class='ocrx_word' id='word_1_368' title='bbox 1477 2849 1575 2907; x_wconf 90' lang='lat' dir='ltr'><strong><em>ductus</em></strong></span> <span class='ocrx_word' id='word_1_369' title='bbox 1588 2852 1647 2924; x_wconf 86' lang='lat' dir='ltr'><strong><em>ejus</em></strong></span> <span class='ocrx_word' id='word_1_370' title='bbox 1660 2851 1804 2908; x_wconf 76' lang='lat' dir='ltr'><strong><em>iudeorum</em></strong></span> <span class='ocrx_word' id='word_1_371' title='bbox 1813 2853 1883 2924; x_wconf 83' lang='lat' dir='ltr'><strong><em>populu</em></strong></span> 
     </span>
     <span class='ocr_line' id='line_1_29' title="bbox 288 2943 1885 3018; baseline -0.001 -18"><span class='ocrx_word' id='word_1_372' title='bbox 288 2945 370 3000; x_wconf 87' lang='lat' dir='ltr'><strong><em>tiaret</em></strong></span> <span class='ocrx_word' id='word_1_373' title='bbox 381 2944 454 3018; x_wconf 82' lang='lat' dir='ltr'><strong><em>(forr.</em></strong></span> <span class='ocrx_word' id='word_1_374' title='bbox 471 2943 492 3018; x_wconf 90' lang='grc' dir='ltr'><strong>ι)</strong></span> <span class='ocrx_word' id='word_1_375' title='bbox 508 2963 515 2998; x_wconf 91' lang='lat'>:</span> <span class='ocrx_word' id='word_1_376' title='bbox 532 2945 685 3018; x_wconf 87' lang='lat' dir='ltr'><strong><em>ingentibus</em></strong></span> <span class='ocrx_word' id='word_1_377' title='bbox 697 2946 768 3001; x_wconf 86' lang='lat' dir='ltr'><strong><em>entur</em></strong></span> <span class='ocrx_word' id='word_1_378' title='bbox 785 2955 959 3015; x_wconf 78' lang='lat' dir='ltr'><strong><em>peccatorum</em></strong></span> <span class='ocrx_word' id='word_1_379' title='bbox 973 2945 1089 3000; x_wconf 87' lang='lat' dir='ltr'><strong><em>sarcinis</em></strong></span> <span class='ocrx_word' id='word_1_380' title='bbox 1143 2955 1170 3002; x_wconf 88' lang='lat' dir='ltr'><strong><em>ct</em></strong></span> <span class='ocrx_word' id='word_1_381' title='bbox 1190 2943 1292 3002; x_wconf 87' lang='lat' dir='ltr'><strong><em>Geutcs</em></strong></span> <span class='ocrx_word' id='word_1_382' title='bbox 1314 2945 1479 3016; x_wconf 85' lang='lat' dir='ltr'><strong><em>accipimus,</em></strong></span> <span class='ocrx_word' id='word_1_383' title='bbox 1495 2944 1542 3016; x_wconf 90' lang='lat' dir='ltr'><strong><em>qui</em></strong></span> <span class='ocrx_word' id='word_1_384' title='bbox 1563 2944 1695 3002; x_wconf 77' lang='lat' dir='ltr'><strong><em>adversus</em></strong></span> <span class='ocrx_word' id='word_1_385' title='bbox 1718 2945 1792 3004; x_wconf 82' lang='lat' dir='ltr'><strong><em>[teum</em></strong></span> <span class='ocrx_word' id='word_1_386' title='bbox 1813 2945 1885 3000; x_wconf 83' lang='lat' dir='ltr'><strong><em>iuruu</em></strong></span> 
     </span>
     <span class='ocr_line' id='line_1_30' title="bbox 289 3034 1882 3110; baseline -0.001 -17"><span class='ocrx_word' id='word_1_387' title='bbox 289 3039 494 3110; x_wconf 74' lang='lat' dir='ltr'><strong><em>proterebantur.</em></strong></span> <span class='ocrx_word' id='word_1_388' title='bbox 510 3037 547 3094; x_wconf 87' lang='lat' dir='ltr'><strong><em>ttt</em></strong></span> <span class='ocrx_word' id='word_1_389' title='bbox 568 3037 614 3093; x_wconf 90' lang='lat' dir='ltr'><strong><em>ille</em></strong></span> <span class='ocrx_word' id='word_1_390' title='bbox 635 3039 689 3094; x_wconf 86' lang='lat' dir='ltr'><strong><em>atio</em></strong></span> <span class='ocrx_word' id='word_1_391' title='bbox 708 3035 831 3094; x_wconf 79' lang='lat' dir='ltr'><strong><em>defletus</em></strong></span> <span class='ocrx_word' id='word_1_392' title='bbox 854 3037 970 3105; x_wconf 83' lang='lat' dir='ltr'><strong><em>itinere,</em></strong></span> <span class='ocrx_word' id='word_1_393' title='bbox 993 3053 1089 3094; x_wconf 83' lang='lat' dir='ltr'><strong><em>uatem</em></strong></span> <span class='ocrx_word' id='word_1_394' title='bbox 1143 3035 1321 3094; x_wconf 86' lang='lat' dir='ltr'><strong><em>fremuerunt.</em></strong></span> <span class='ocrx_word' id='word_1_395' title='bbox 1345 3037 1411 3094; x_wconf 85' lang='lat' dir='ltr'><strong><em>Sors</em></strong></span> <span class='ocrx_word' id='word_1_396' title='bbox 1433 3036 1530 3094; x_wconf 78' lang='lat' dir='ltr'><strong><em>donant</em></strong></span> <span class='ocrx_word' id='word_1_397' title='bbox 1554 3037 1771 3108; x_wconf 74' lang='lat' dir='ltr'><strong><em>precipitanduu</em></strong></span> <span class='ocrx_word' id='word_1_398' title='bbox 1792 3034 1882 3110; x_wconf 68' lang='lat' dir='ltr'><strong><em>ptulit,</em></strong></span> 
     </span>
     <span class='ocr_line' id='line_1_31' title="bbox 290 3129 1882 3203; baseline 0 -19"><span class='ocrx_word' id='word_1_399' title='bbox 290 3129 391 3185; x_wconf 84' lang='lat' dir='ltr'><strong><em>Tarsos</em></strong></span> <span class='ocrx_word' id='word_1_400' title='bbox 404 3133 539 3200; x_wconf 87' lang='lat' dir='ltr'><strong><em>petiturus</em></strong></span> <span class='ocrx_word' id='word_1_401' title='bbox 552 3131 693 3196; x_wconf 89' lang='lat' dir='ltr'><strong><em>ascendit;</em></strong></span> <span class='ocrx_word' id='word_1_402' title='bbox 708 3145 771 3186; x_wconf 88' lang='lat' dir='ltr'><strong><em>curu</em></strong></span> <span class='ocrx_word' id='word_1_403' title='bbox 793 3129 883 3186; x_wconf 91' lang='lat' dir='ltr'><strong><em>subito</em></strong></span> <span class='ocrx_word' id='word_1_404' title='bbox 904 3145 1091 3203; x_wconf 86' lang='lat' dir='ltr'><strong><em>compugnan·</em></strong></span> <span class='ocrx_word' id='word_1_405' title='bbox 1143 3131 1285 3200; x_wconf 88' lang='lat' dir='ltr'><strong><em>proptreua</em></strong></span> <span class='ocrx_word' id='word_1_406' title='bbox 1300 3145 1441 3200; x_wconf 86' lang='lat' dir='ltr'><strong><em>passurum</em></strong></span> <span class='ocrx_word' id='word_1_407' title='bbox 1455 3129 1600 3186; x_wconf 84' lang='lat' dir='ltr'><strong><em>bominum</em></strong></span> <span class='ocrx_word' id='word_1_408' title='bbox 1615 3130 1784 3200; x_wconf 75' lang='lat' dir='ltr'><strong><em>prodimur,</em></strong></span> <span class='ocrx_word' id='word_1_409' title='bbox 1798 3139 1882 3197; x_wconf 75' lang='lat' dir='ltr'><strong><em>utrosque</em></strong></span> 
     </span>
     <span class='ocr_line' id='line_1_32' title="bbox 291 3203 1886 3296; baseline -0.001 -16"><span class='ocrx_word' id='word_1_410' title='bbox 291 3225 359 3282; x_wconf 91' lang='lat' dir='ltr'><strong><em>tiutu</em></strong></span> <span class='ocrx_word' id='word_1_411' title='bbox 374 3235 514 3282; x_wconf 84' lang='lat' dir='ltr'><strong><em>centorum</em></strong></span> <span class='ocrx_word' id='word_1_412' title='bbox 530 3223 595 3280; x_wconf 86' lang='lat' dir='ltr'><strong><em>dato</em></strong></span> <span class='ocrx_word' id='word_1_413' title='bbox 610 3225 729 3281; x_wconf 81' lang='lat' dir='ltr'><strong><em>uiolento</em></strong></span> <span class='ocrx_word' id='word_1_414' title='bbox 746 3224 903 3282; x_wconf 86' lang='lat' dir='ltr'><strong><em>lacessitum</em></strong></span> <span class='ocrx_word' id='word_1_415' title='bbox 920 3227 1011 3282; x_wconf 87' lang='lat' dir='ltr'><strong><em>fremit</em></strong></span> <span class='ocrx_word' id='word_1_416' title='bbox 1031 3239 1086 3280; x_wconf 88' lang='lat' dir='ltr'><strong><em>ma·</em></strong></span> <span class='ocrx_word' id='word_1_417' title='bbox 1105 3203 1128 3266; x_wconf 77' lang='lat' dir='ltr'>C</span> <span class='ocrx_word' id='word_1_418' title='bbox 1145 3225 1283 3296; x_wconf 82' lang='lat' dir='ltr'><strong><em>coierues,</em></strong></span> <span class='ocrx_word' id='word_1_419' title='bbox 1310 3226 1384 3282; x_wconf 85' lang='lat' dir='ltr'><strong><em>litum</em></strong></span> <span class='ocrx_word' id='word_1_420' title='bbox 1405 3225 1575 3294; x_wconf 72' lang='lat' dir='ltr'><strong><em>circuitione,</em></strong></span> <span class='ocrx_word' id='word_1_421' title='bbox 1600 3225 1743 3282; x_wconf 85' lang='lat' dir='ltr'><strong><em>borttiuarn</em></strong></span> <span class='ocrx_word' id='word_1_422' title='bbox 1764 3221 1886 3296; x_wconf 77' lang='lat' dir='ltr'><strong><em>pir-ateis</em></strong></span> 
     </span>
     <span class='ocr_line' id='line_1_33' title="bbox 284 3317 1885 3392; baseline -0.001 -18"><span class='ocrx_word' id='word_1_423' title='bbox 284 3319 337 3384; x_wconf 73' lang='grc' dir='ltr'><strong>ιε’,</strong></span> <span class='ocrx_word' id='word_1_424' title='bbox 356 3318 413 3392; x_wconf 79' lang='lat' dir='ltr'><strong><em>(tt)</em></strong></span> <span class='ocrx_word' id='word_1_425' title='bbox 437 3318 602 3390; x_wconf 85' lang='lat' dir='ltr'><strong><em>sollicitique</em></strong></span> <span class='ocrx_word' id='word_1_426' title='bbox 614 3319 730 3390; x_wconf 89' lang='lat' dir='ltr'><strong><em>gurgitis</em></strong></span> <span class='ocrx_word' id='word_1_427' title='bbox 743 3330 943 3390; x_wconf 75' lang='lat' dir='ltr'><strong><em>praceptorum</em></strong></span> <span class='ocrx_word' id='word_1_428' title='bbox 957 3321 1090 3376; x_wconf 73' lang='lat' dir='ltr'><strong><em>oroutturo</em></strong></span> <span class='ocrx_word' id='word_1_429' title='bbox 1145 3327 1202 3374; x_wconf 84' lang='lat' dir='ltr'><strong><em>tunt</em></strong></span> <span class='ocrx_word' id='word_1_430' title='bbox 1218 3331 1278 3374; x_wconf 86' lang='lat' dir='ltr'><strong><em>osse</em></strong></span> <span class='ocrx_word' id='word_1_431' title='bbox 1294 3331 1347 3374; x_wconf 81' lang='lat' dir='ltr'><strong><em>asur</em></strong></span> <span class='ocrx_word' id='word_1_432' title='bbox 1361 3317 1501 3375; x_wconf 90' lang='lat' dir='ltr'><strong><em>dubitatur</em></strong></span> <span class='ocrx_word' id='word_1_433' title='bbox 1517 3318 1653 3376; x_wconf 83' lang='lat' dir='ltr'><strong><em>infernum</em></strong></span> <span class='ocrx_word' id='word_1_434' title='bbox 1667 3337 1674 3372; x_wconf 78' lang='grc' dir='ltr'><strong>ι</strong></span> <span class='ocrx_word' id='word_1_435' title='bbox 1690 3319 1759 3376; x_wconf 81' lang='lat' dir='ltr'><strong><em>sicin</em></strong></span> <span class='ocrx_word' id='word_1_436' title='bbox 1769 3320 1827 3374; x_wconf 85' lang='lat' dir='ltr'><strong><em>eninr</em></strong></span> <span class='ocrx_word' id='word_1_437' title='bbox 1837 3317 1885 3372; x_wconf 88' lang='lat' dir='ltr'><strong><em>lnttt</em></strong></span> 
     </span>
     <span class='ocr_line' id='line_1_34' title="bbox 289 3413 1885 3486; baseline 0 -18"><span class='ocrx_word' id='word_1_438' title='bbox 289 3413 365 3468; x_wconf 82' lang='lat' dir='ltr'><strong><em>canis</em></strong></span> <span class='ocrx_word' id='word_1_439' title='bbox 376 3413 569 3483; x_wconf 78' lang='lat' dir='ltr'><strong><em>columinibus,</em></strong></span> <span class='ocrx_word' id='word_1_440' title='bbox 582 3414 788 3485; x_wconf 82' lang='lat' dir='ltr'><strong><em>repugnantium</em></strong></span> <span class='ocrx_word' id='word_1_441' title='bbox 804 3414 923 3469; x_wconf 85' lang='lat' dir='ltr'><strong><em>littorum</em></strong></span> <span class='ocrx_word' id='word_1_442' title='bbox 937 3414 1090 3486; x_wconf 86' lang='lat' dir='ltr'><strong><em>spumantia</em></strong></span> <span class='ocrx_word' id='word_1_443' title='bbox 1143 3415 1228 3470; x_wconf 87' lang='lat' dir='ltr'><strong><em>tribus</em></strong></span> <span class='ocrx_word' id='word_1_444' title='bbox 1241 3414 1337 3470; x_wconf 89' lang='lat' dir='ltr'><strong><em>diebus</em></strong></span> <span class='ocrx_word' id='word_1_445' title='bbox 1349 3425 1376 3472; x_wconf 87' lang='lat' dir='ltr'><strong><em>et</em></strong></span> <span class='ocrx_word' id='word_1_446' title='bbox 1399 3415 1486 3470; x_wconf 88' lang='lat' dir='ltr'><strong><em>tribus</em></strong></span> <span class='ocrx_word' id='word_1_447' title='bbox 1499 3415 1623 3470; x_wconf 85' lang='lat' dir='ltr'><strong><em>noctibus</em></strong></span> <span class='ocrx_word' id='word_1_448' title='bbox 1643 3413 1696 3470; x_wconf 91' lang='lat' dir='ltr'><strong><em>fuit</em></strong></span> <span class='ocrx_word' id='word_1_449' title='bbox 1716 3416 1742 3470; x_wconf 92' lang='lat' dir='ltr'><strong><em>iu</em></strong></span> <span class='ocrx_word' id='word_1_450' title='bbox 1756 3425 1832 3471; x_wconf 88' lang='lat' dir='ltr'><strong><em>reutre</em></strong></span> <span class='ocrx_word' id='word_1_451' title='bbox 1844 3414 1885 3468; x_wconf 83' lang='lat' dir='ltr'><strong><em>aad.</em></strong></span> 
     </span>
     <span class='ocr_line' id='line_1_35' title="bbox 290 3503 1887 3583; baseline -0.001 -19"><span class='ocrx_word' id='word_1_452' title='bbox 290 3524 338 3564; x_wconf 89' lang='lat' dir='ltr'><strong><em>ora</em></strong></span> <span class='ocrx_word' id='word_1_453' title='bbox 353 3508 541 3576; x_wconf 85' lang='lat' dir='ltr'><strong><em>corrtuudeus,</em></strong></span> <span class='ocrx_word' id='word_1_454' title='bbox 557 3510 676 3564; x_wconf 87' lang='lat' dir='ltr'><strong><em>minatur</em></strong></span> <span class='ocrx_word' id='word_1_455' title='bbox 689 3523 737 3580; x_wconf 89' lang='lat' dir='ltr'><strong><em>per</em></strong></span> <span class='ocrx_word' id='word_1_456' title='bbox 751 3520 887 3564; x_wconf 89' lang='lat' dir='ltr'><strong><em>ntontenta</em></strong></span> <span class='ocrx_word' id='word_1_457' title='bbox 901 3505 1090 3583; x_wconf 78' lang='lat' dir='ltr'><strong><em>naufragium:</em></strong></span> <span class='ocrx_word' id='word_1_458' title='bbox 1144 3507 1333 3580; x_wconf 81' lang='lat' dir='ltr'><strong><em>evomitusque</em></strong></span> <span class='ocrx_word' id='word_1_459' title='bbox 1347 3507 1404 3581; x_wconf 81' lang='lat' dir='ltr'><strong><em>(lt)</em></strong></span> <span class='ocrx_word' id='word_1_460' title='bbox 1416 3507 1527 3564; x_wconf 84' lang='lat' dir='ltr'><strong><em>Niufves</em></strong></span> <span class='ocrx_word' id='word_1_461' title='bbox 1540 3523 1569 3564; x_wconf 84' lang='lat' dir='ltr'><strong><em>se</em></strong></span> <span class='ocrx_word' id='word_1_462' title='bbox 1582 3507 1827 3569; x_wconf 66' lang='lat' dir='ltr'><strong><em>insultabundus</em></strong></span> <span class='ocrx_word' id='word_1_463' title='bbox 1834 3503 1887 3560; x_wconf 82' lang='lat' dir='ltr'><strong><em>ficui·</em></strong></span> 
     </span>
     <span class='ocr_line' id='line_1_36' title="bbox 292 3597 1886 3672; baseline -0.001 -17"><span class='ocrx_word' id='word_1_464' title='bbox 292 3602 418 3672; x_wconf 80' lang='lat' dir='ltr'><strong><em>procellae</em></strong></span> <span class='ocrx_word' id='word_1_465' title='bbox 437 3603 643 3659; x_wconf 84' lang='lat' dir='ltr'><strong><em>crebrescentes</em></strong></span> <span class='ocrx_word' id='word_1_466' title='bbox 663 3601 820 3670; x_wconf 82' lang='lat' dir='ltr'><strong><em>insaniunt,</em></strong></span> <span class='ocrx_word' id='word_1_467' title='bbox 836 3601 1004 3658; x_wconf 88' lang='lat' dir='ltr'><strong><em>burreodnut</em></strong></span> <span class='ocrx_word' id='word_1_468' title='bbox 1026 3601 1090 3656; x_wconf 90' lang='lat' dir='ltr'><strong><em>sibi·</em></strong></span> <span class='ocrx_word' id='word_1_469' title='bbox 1144 3615 1197 3658; x_wconf 82' lang='lat' dir='ltr'><strong><em>acts</em></strong></span> <span class='ocrx_word' id='word_1_470' title='bbox 1211 3599 1342 3672; x_wconf 87' lang='lat' dir='ltr'><strong><em>postridie</em></strong></span> <span class='ocrx_word' id='word_1_471' title='bbox 1354 3599 1388 3658; x_wconf 86' lang='lat' dir='ltr'><strong><em>ab</em></strong></span> <span class='ocrx_word' id='word_1_472' title='bbox 1403 3598 1512 3657; x_wconf 90' lang='lat' dir='ltr'><strong><em>inferno</em></strong></span> <span class='ocrx_word' id='word_1_473' title='bbox 1525 3615 1689 3671; x_wconf 75' lang='lat' dir='ltr'><strong><em>resurgens,</em></strong></span> <span class='ocrx_word' id='word_1_474' title='bbox 1703 3615 1733 3658; x_wconf 89' lang='lat' dir='ltr'><strong><em>se</em></strong></span> <span class='ocrx_word' id='word_1_475' title='bbox 1745 3601 1832 3657; x_wconf 78' lang='lat' dir='ltr'><strong><em>ciuitati</em></strong></span> <span class='ocrx_word' id='word_1_476' title='bbox 1842 3597 1886 3653; x_wconf 81' lang='lat' dir='ltr'><strong><em>feu·</em></strong></span> 
     </span>
    </p>
   </div>
   <div class='ocr_carea' id='block_1_5' title="bbox 269 3761 1928 5912">
    <p class='ocr_par' dir='ltr' id='par_1_6' title="bbox 293 3761 1887 3912">
     <span class='ocr_line' id='line_1_37' title="bbox 293 3761 1887 3839; baseline -0.001 -19"><span class='ocrx_word' id='word_1_477' title='bbox 293 3767 428 3837; x_wconf 81' lang='lat' dir='ltr'><strong><em>liquorum</em></strong></span> <span class='ocrx_word' id='word_1_478' title='bbox 443 3764 575 3838; x_wconf 85' lang='lat' dir='ltr'><strong><em>exemplis</em></strong></span> <span class='ocrx_word' id='word_1_479' title='bbox 589 3765 651 3821; x_wconf 92' lang='lat' dir='ltr'><strong><em>iicet</em></strong></span> <span class='ocrx_word' id='word_1_480' title='bbox 665 3805 673 3832; x_wconf 96' lang='lat'><strong><em>,</em></strong></span> <span class='ocrx_word' id='word_1_481' title='bbox 688 3779 749 3835; x_wconf 75' lang='lat' dir='ltr'><strong><em>quae</em></strong></span> <span class='ocrx_word' id='word_1_482' title='bbox 765 3765 791 3819; x_wconf 91' lang='lat' dir='ltr'><strong><em>in</em></strong></span> <span class='ocrx_word' id='word_1_483' title='bbox 810 3763 914 3820; x_wconf 84' lang='lat' dir='ltr'><strong><em>Latinis</em></strong></span> <span class='ocrx_word' id='word_1_484' title='bbox 936 3764 1032 3820; x_wconf 81' lang='lat' dir='ltr'><strong><em>lexicis</em></strong></span> <span class='ocrx_word' id='word_1_485' title='bbox 1048 3779 1092 3821; x_wconf 89' lang='lat' dir='ltr'><strong><em>re-</em></strong></span> <span class='ocrx_word' id='word_1_486' title='bbox 1144 3775 1204 3830; x_wconf 87' lang='lat' dir='ltr'><strong><em>set,</em></strong></span> <span class='ocrx_word' id='word_1_487' title='bbox 1226 3767 1294 3822; x_wconf 89' lang='lat' dir='ltr'><strong><em>nibii</em></strong></span> <span class='ocrx_word' id='word_1_488' title='bbox 1317 3767 1488 3839; x_wconf 88' lang='lat' dir='ltr'><strong><em>arublgimus.</em></strong></span> <span class='ocrx_word' id='word_1_489' title='bbox 1509 3766 1614 3822; x_wconf 83' lang='lat' dir='ltr'><strong><em>Glosstc</em></strong></span> <span class='ocrx_word' id='word_1_490' title='bbox 1635 3766 1752 3838; x_wconf 80' lang='lat' dir='ltr'><strong><em>antiquar</em></strong></span> <span class='ocrx_word' id='word_1_491' title='bbox 1769 3761 1887 3836; x_wconf 68' lang='lat' dir='ltr'><strong><em>pratibus</em></strong></span> 
     </span>
     <span class='ocr_line' id='line_1_38' title="bbox 293 3837 1843 3912; baseline -0.005 -17"><span class='ocrx_word' id='word_1_492' title='bbox 293 3846 451 3895; x_wconf 86' lang='lat' dir='ltr'><strong><em>censentur.</em></strong></span> <span class='ocrx_word' id='word_1_493' title='bbox 1144 3837 1264 3905; x_wconf 88' lang='lat' dir='ltr'><strong><em>babent,</em></strong></span> <span class='ocrx_word' id='word_1_494' title='bbox 1279 3839 1350 3908; x_wconf 84' lang='lat' dir='ltr'><strong><em>quod</em></strong></span> <span class='ocrx_word' id='word_1_495' title='bbox 1366 3841 1471 3909; x_wconf 82' lang='lat' dir='ltr'><strong><em>passive</em></strong></span> <span class='ocrx_word' id='word_1_496' title='bbox 1486 3840 1630 3912; x_wconf 72' lang='grc' dir='ltr'>χαλασθεὶς</span> <span class='ocrx_word' id='word_1_497' title='bbox 1644 3839 1843 3908; x_wconf 79' lang='lat' dir='ltr'><strong><em>irrrerpretanur.</em></strong></span> 
     </span>
    </p>

    <p class='ocr_par' dir='ltr' id='par_1_7' title="bbox 293 3904 1888 4270">
     <span class='ocr_line' id='line_1_39' title="bbox 329 3904 1887 3982; baseline -0.007 -17"><span class='ocrx_word' id='word_1_498' title='bbox 329 3908 367 3982; x_wconf 88' lang='grc'><strong><em>(9)</em></strong></span> <span class='ocrx_word' id='word_1_499' title='bbox 386 3907 527 3980; x_wconf 72' lang='lat' dir='ltr'><strong><em>opificium</em></strong></span> <span class='ocrx_word' id='word_1_500' title='bbox 541 3904 647 3962; x_wconf 84' lang='lat' dir='ltr'><strong><em>Domini</em></strong></span> <span class='ocrx_word' id='word_1_501' title='bbox 662 3905 733 3976; x_wconf 93' lang='lat' dir='ltr'><strong><em>apud</em></strong></span> <span class='ocrx_word' id='word_1_502' title='bbox 750 3907 897 3977; x_wconf 86' lang='lat' dir='ltr'><strong><em>scriptores</em></strong></span> <span class='ocrx_word' id='word_1_503' title='bbox 915 3907 1090 3964; x_wconf 79' lang='lat' dir='ltr'><strong><em>Ecefesiasti-</em></strong></span> <span class='ocrx_word' id='word_1_504' title='bbox 1178 3911 1239 3980; x_wconf 74' lang='lat' dir='ltr'><strong><em>(fb)</em></strong></span> <span class='ocrx_word' id='word_1_505' title='bbox 1255 3911 1373 3966; x_wconf 75' lang='lat' dir='ltr'><strong><em>adverte</em></strong></span> <span class='ocrx_word' id='word_1_506' title='bbox 1391 3911 1557 3982; x_wconf 80' lang='lat' dir='ltr'><strong><em>singularem</em></strong></span> <span class='ocrx_word' id='word_1_507' title='bbox 1572 3911 1708 3980; x_wconf 79' lang='lat' dir='ltr'><strong><em>sprttsxiru</em></strong></span> <span class='ocrx_word' id='word_1_508' title='bbox 1718 3949 1726 3974; x_wconf 85' lang='lat'><strong><em>,</em></strong></span> <span class='ocrx_word' id='word_1_509' title='bbox 1737 3921 1808 3977; x_wconf 81' lang='lat' dir='ltr'><strong><em>quern</em></strong></span> <span class='ocrx_word' id='word_1_510' title='bbox 1818 3917 1838 3958; x_wconf 91' lang='lat' dir='ltr'><strong><em>ut</em></strong></span> <span class='ocrx_word' id='word_1_511' title='bbox 1850 3915 1887 3953; x_wconf 89' lang='lat' dir='ltr'><strong><em>ut·</em></strong></span> 
     </span>
     <span class='ocr_line' id='line_1_40' title="bbox 293 3975 1887 4052; baseline -0.004 -16"><span class='ocrx_word' id='word_1_512' title='bbox 293 3997 342 4038; x_wconf 89' lang='lat' dir='ltr'><strong><em>cos</em></strong></span> <span class='ocrx_word' id='word_1_513' title='bbox 364 3981 457 4036; x_wconf 89' lang='lat' dir='ltr'><strong><em>tuundi</em></strong></span> <span class='ocrx_word' id='word_1_514' title='bbox 480 3980 647 4034; x_wconf 86' lang='lat' dir='ltr'><strong><em>creationem</em></strong></span> <span class='ocrx_word' id='word_1_515' title='bbox 669 3979 822 4048; x_wconf 86' lang='lat' dir='ltr'><strong><em>siguificat:</em></strong></span> <span class='ocrx_word' id='word_1_516' title='bbox 839 3979 912 4033; x_wconf 87' lang='lat' dir='ltr'><strong><em>uude</em></strong></span> <span class='ocrx_word' id='word_1_517' title='bbox 936 3979 1091 4034; x_wconf 79' lang='lat' dir='ltr'><strong><em>Lactantius</em></strong></span> <span class='ocrx_word' id='word_1_518' title='bbox 1143 3991 1251 4048; x_wconf 84' lang='lat' dir='ltr'><strong><em>struas,</em></strong></span> <span class='ocrx_word' id='word_1_519' title='bbox 1266 3983 1422 4052; x_wconf 83' lang='lat' dir='ltr'><strong><em>retrograde</em></strong></span> <span class='ocrx_word' id='word_1_520' title='bbox 1438 3981 1638 4048; x_wconf 82' lang='lat' dir='ltr'><strong><em>prttcodendum</em></strong></span> <span class='ocrx_word' id='word_1_521' title='bbox 1653 3991 1696 4038; x_wconf 88' lang='lat' dir='ltr'><strong><em>est</em></strong></span> <span class='ocrx_word' id='word_1_522' title='bbox 1708 3981 1747 4034; x_wconf 84' lang='lat' dir='ltr'><strong><em>sic</em></strong></span> <span class='ocrx_word' id='word_1_523' title='bbox 1759 3996 1764 4030; x_wconf 94' lang='lat'>:</span> <span class='ocrx_word' id='word_1_524' title='bbox 1778 3975 1807 4030; x_wconf 81' lang='lat' dir='ltr'><strong><em>la</em></strong></span> <span class='ocrx_word' id='word_1_525' title='bbox 1817 3985 1887 4029; x_wconf 81' lang='lat' dir='ltr'><strong><em>cantu·</em></strong></span> 
     </span>
     <span class='ocr_line' id='line_1_41' title="bbox 295 4044 1887 4124; baseline -0.008 -16"><span class='ocrx_word' id='word_1_526' title='bbox 295 4054 395 4108; x_wconf 88' lang='lat' dir='ltr'><strong><em>iibrutu</em></strong></span> <span class='ocrx_word' id='word_1_527' title='bbox 408 4095 416 4117; x_wconf 96' lang='lat'><strong><em>,</em></strong></span> <span class='ocrx_word' id='word_1_528' title='bbox 431 4067 511 4122; x_wconf 90' lang='lat' dir='ltr'><strong><em>quem</em></strong></span> <span class='ocrx_word' id='word_1_529' title='bbox 527 4051 562 4103; x_wconf 91' lang='lat' dir='ltr'><strong><em>de</em></strong></span> <span class='ocrx_word' id='word_1_530' title='bbox 575 4050 714 4104; x_wconf 83' lang='lat' dir='ltr'><strong><em>creatione</em></strong></span> <span class='ocrx_word' id='word_1_531' title='bbox 729 4049 821 4103; x_wconf 81' lang='lat' dir='ltr'><strong><em>rutundi</em></strong></span> <span class='ocrx_word' id='word_1_532' title='bbox 834 4049 868 4106; x_wconf 87' lang='lat' dir='ltr'><strong><em>ad</em></strong></span> <span class='ocrx_word' id='word_1_533' title='bbox 886 4050 1089 4106; x_wconf 71' lang='lat' dir='ltr'><strong><em>[demetrianum</em></strong></span> <span class='ocrx_word' id='word_1_534' title='bbox 1143 4054 1259 4108; x_wconf 85' lang='lat' dir='ltr'><strong><em>dcnsoro</em></strong></span> <span class='ocrx_word' id='word_1_535' title='bbox 1272 4055 1418 4124; x_wconf 84' lang='lat' dir='ltr'><strong><em>rpntnoutio</em></strong></span> <span class='ocrx_word' id='word_1_536' title='bbox 1428 4055 1542 4109; x_wconf 79' lang='lat' dir='ltr'><strong><em>littorum</em></strong></span> <span class='ocrx_word' id='word_1_537' title='bbox 1556 4053 1756 4123; x_wconf 71' lang='lat' dir='ltr'><strong><em>repugnantiam</em></strong></span> <span class='ocrx_word' id='word_1_538' title='bbox 1769 4044 1887 4102; x_wconf 73' lang='lat' dir='ltr'><strong><em>saturnin</em></strong></span> 
     </span>
     <span class='ocr_line' id='line_1_42' title="bbox 294 4118 1888 4197; baseline -0.003 -17"><span class='ocrx_word' id='word_1_539' title='bbox 294 4125 385 4190; x_wconf 86' lang='lat' dir='ltr'><strong><em>dedit,</em></strong></span> <span class='ocrx_word' id='word_1_540' title='bbox 405 4124 439 4177; x_wconf 82' lang='lat' dir='ltr'><strong><em>de</em></strong></span> <span class='ocrx_word' id='word_1_541' title='bbox 458 4123 563 4193; x_wconf 72' lang='lat' dir='ltr'><strong><em>opificio</em></strong></span> <span class='ocrx_word' id='word_1_542' title='bbox 587 4119 637 4174; x_wconf 78' lang='lat' dir='ltr'><strong><em>fiai</em></strong></span> <span class='ocrx_word' id='word_1_543' title='bbox 658 4121 813 4190; x_wconf 81' lang='lat' dir='ltr'><strong><em>inscripsit,</em></strong></span> <span class='ocrx_word' id='word_1_544' title='bbox 828 4123 865 4174; x_wconf 93' lang='lat' dir='ltr'><strong><em>uti</em></strong></span> <span class='ocrx_word' id='word_1_545' title='bbox 884 4137 900 4175; x_wconf 90' lang='lat' dir='ltr'><strong><em>a</em></strong></span> <span class='ocrx_word' id='word_1_546' title='bbox 925 4123 1091 4192; x_wconf 83' lang='lat' dir='ltr'><strong><em>flieronyruu</em></strong></span> <span class='ocrx_word' id='word_1_547' title='bbox 1142 4127 1214 4180; x_wconf 86' lang='lat' dir='ltr'><strong><em>cortis</em></strong></span> <span class='ocrx_word' id='word_1_548' title='bbox 1227 4127 1352 4180; x_wconf 83' lang='lat' dir='ltr'><strong><em>ritorrtr&#39;nrn</em></strong></span> <span class='ocrx_word' id='word_1_549' title='bbox 1366 4134 1556 4197; x_wconf 79' lang='lat' dir='ltr'><strong><em>proeraptaram</em></strong></span> <span class='ocrx_word' id='word_1_550' title='bbox 1570 4125 1680 4196; x_wconf 78' lang='lat' dir='ltr'><strong><em>gurgitis</em></strong></span> <span class='ocrx_word' id='word_1_551' title='bbox 1693 4118 1888 4185; x_wconf 63' lang='lat' dir='ltr'><strong><em>santumnium</em></strong></span> 
     </span>
     <span class='ocr_line' id='line_1_43' title="bbox 294 4191 1404 4270; baseline -0.001 -18"><span class='ocrx_word' id='word_1_552' title='bbox 294 4198 395 4269; x_wconf 87' lang='lat' dir='ltr'><strong><em>pariter</em></strong></span> <span class='ocrx_word' id='word_1_553' title='bbox 410 4195 602 4266; x_wconf 88' lang='lat' dir='ltr'><strong><em>appellatorio</em></strong></span> <span class='ocrx_word' id='word_1_554' title='bbox 618 4193 686 4247; x_wconf 86' lang='lat' dir='ltr'><strong><em>fibro</em></strong></span> <span class='ocrx_word' id='word_1_555' title='bbox 700 4193 734 4245; x_wconf 90' lang='lat' dir='ltr'><strong><em>de</em></strong></span> <span class='ocrx_word' id='word_1_556' title='bbox 746 4191 819 4248; x_wconf 82' lang='lat' dir='ltr'><strong><em>Viris</em></strong></span> <span class='ocrx_word' id='word_1_557' title='bbox 832 4191 993 4250; x_wconf 89' lang='lat' dir='ltr'><strong><em>iliustribtts.</em></strong></span> <span class='ocrx_word' id='word_1_558' title='bbox 1143 4197 1324 4270; x_wconf 72' lang='lat' dir='ltr'><strong><em>naufragium,</em></strong></span> <span class='ocrx_word' id='word_1_559' title='bbox 1338 4207 1404 4252; x_wconf 85' lang='lat' dir='ltr'><strong><em>ete.-</em></strong></span> 
     </span>
    </p>

    <p class='ocr_par' dir='ltr' id='par_1_8' title="bbox 269 4256 1928 5912">
     <span class='ocr_line' id='line_1_44' title="bbox 331 4256 1888 4340; baseline -0.003 -18"><span class='ocrx_word' id='word_1_560' title='bbox 331 4266 391 4340; x_wconf 82' lang='lat' dir='ltr'><strong><em>lid)</em></strong></span> <span class='ocrx_word' id='word_1_561' title='bbox 405 4265 541 4321; x_wconf 89' lang='lat' dir='ltr'><strong><em>iiocidem</em></strong></span> <span class='ocrx_word' id='word_1_562' title='bbox 554 4263 736 4320; x_wconf 88' lang='lat' dir='ltr'><strong><em>testimonium</em></strong></span> <span class='ocrx_word' id='word_1_563' title='bbox 750 4263 779 4319; x_wconf 87' lang='lat' dir='ltr'><strong><em>S.</em></strong></span> <span class='ocrx_word' id='word_1_564' title='bbox 796 4264 871 4320; x_wconf 77' lang='lat' dir='ltr'><strong><em>zeno</em></strong></span> <span class='ocrx_word' id='word_1_565' title='bbox 883 4269 1001 4322; x_wconf 84' lang='lat' dir='ltr'><strong><em>recitans</em></strong></span> <span class='ocrx_word' id='word_1_566' title='bbox 1012 4273 1090 4321; x_wconf 85' lang='lat' dir='ltr'><strong><em>tract.</em></strong></span> <span class='ocrx_word' id='word_1_567' title='bbox 1182 4266 1242 4340; x_wconf 75' lang='grc'><strong>(15)</strong></span> <span class='ocrx_word' id='word_1_568' title='bbox 1259 4267 1372 4322; x_wconf 72' lang='lat' dir='ltr'><strong><em>Codices</em></strong></span> <span class='ocrx_word' id='word_1_569' title='bbox 1392 4267 1500 4332; x_wconf 67' lang='lat' dir='ltr'><strong><em>ferient.</em></strong></span> <span class='ocrx_word' id='word_1_570' title='bbox 1521 4279 1549 4324; x_wconf 89' lang='lat' dir='ltr'><strong><em>et</em></strong></span> <span class='ocrx_word' id='word_1_571' title='bbox 1569 4256 1888 4338; x_wconf 76' lang='lat' dir='ltr'><strong><em>Pooupeuuuuunuiu</em></strong></span> 
     </span>
     <span class='ocr_line' id='line_1_45' title="bbox 296 4334 1889 4411; baseline -0.003 -17"><span class='ocrx_word' id='word_1_572' title='bbox 296 4343 309 4395; x_wconf 91' lang='lat' dir='ltr'><strong><em>l</em></strong></span> <span class='ocrx_word' id='word_1_573' title='bbox 336 4339 386 4395; x_wconf 90' lang='lat' dir='ltr'><strong><em>fib.</em></strong></span> <span class='ocrx_word' id='word_1_574' title='bbox 400 4353 427 4398; x_wconf 83' lang='lat' dir='ltr'><strong><em>t.</em></strong></span> <span class='ocrx_word' id='word_1_575' title='bbox 441 4351 505 4392; x_wconf 90' lang='lat' dir='ltr'><strong><em>num</em></strong></span> <span class='ocrx_word' id='word_1_576' title='bbox 518 4334 551 4402; x_wconf 85' lang='lat'><strong><em>5,</em></strong></span> <span class='ocrx_word' id='word_1_577' title='bbox 562 4337 717 4408; x_wconf 75' lang='lat' dir='ltr'><strong><em>irtexqaiaito</em></strong></span> <span class='ocrx_word' id='word_1_578' title='bbox 727 4352 777 4408; x_wconf 90' lang='lat' dir='ltr'><strong><em>pro</em></strong></span> <span class='ocrx_word' id='word_1_579' title='bbox 787 4337 972 4394; x_wconf 76' lang='lat' dir='ltr'><strong><em>inenarrabilia</em></strong></span> <span class='ocrx_word' id='word_1_580' title='bbox 981 4337 1092 4406; x_wconf 86' lang='lat' dir='ltr'><strong><em>scribit,</em></strong></span> <span class='ocrx_word' id='word_1_581' title='bbox 1144 4338 1293 4394; x_wconf 79' lang='lat' dir='ltr'><strong><em>Zeormiaui</em></strong></span> <span class='ocrx_word' id='word_1_582' title='bbox 1306 4339 1481 4411; x_wconf 76' lang='lat' dir='ltr'><strong><em>suspectabat,</em></strong></span> <span class='ocrx_word' id='word_1_583' title='bbox 1497 4341 1569 4410; x_wconf 93' lang='lat' dir='ltr'><strong><em>quod</em></strong></span> <span class='ocrx_word' id='word_1_584' title='bbox 1583 4340 1609 4394; x_wconf 91' lang='lat' dir='ltr'><strong><em>in</em></strong></span> <span class='ocrx_word' id='word_1_585' title='bbox 1623 4337 1762 4409; x_wconf 84' lang='lat' dir='ltr'><strong><em>marginali</em></strong></span> <span class='ocrx_word' id='word_1_586' title='bbox 1774 4341 1889 4404; x_wconf 69' lang='lat' dir='ltr'><strong><em>quoquest</em></strong></span> 
     </span>
     <span class='ocr_line' id='line_1_46' title="bbox 294 4407 1814 4479; baseline -0.003 -13"><span class='ocrx_word' id='word_1_587' title='bbox 294 4411 373 4479; x_wconf 82' lang='lat' dir='ltr'><strong><em>cujus</em></strong></span> <span class='ocrx_word' id='word_1_588' title='bbox 394 4408 477 4464; x_wconf 81' lang='lat' dir='ltr'><strong><em>narie</em></strong></span> <span class='ocrx_word' id='word_1_589' title='bbox 499 4408 622 4464; x_wconf 89' lang='lat' dir='ltr'><strong><em>iectionis</em></strong></span> <span class='ocrx_word' id='word_1_590' title='bbox 635 4411 704 4464; x_wconf 87' lang='lat' dir='ltr'><strong><em>ratio</em></strong></span> <span class='ocrx_word' id='word_1_591' title='bbox 720 4425 752 4465; x_wconf 87' lang='lat' dir='ltr'><strong><em>ca</em></strong></span> <span class='ocrx_word' id='word_1_592' title='bbox 774 4409 911 4465; x_wconf 84' lang='lat' dir='ltr'><strong><em>iiiiariauo</em></strong></span> <span class='ocrx_word' id='word_1_593' title='bbox 923 4408 1092 4479; x_wconf 81' lang='lat' dir='ltr'><strong><em>exemplari,</em></strong></span> <span class='ocrx_word' id='word_1_594' title='bbox 1145 4410 1247 4464; x_wconf 87' lang='lat' dir='ltr'><strong><em>tatione</em></strong></span> <span class='ocrx_word' id='word_1_595' title='bbox 1262 4411 1390 4466; x_wconf 81' lang='lat' dir='ltr'><strong><em>editionis</em></strong></span> <span class='ocrx_word' id='word_1_596' title='bbox 1406 4412 1569 4467; x_wconf 77' lang='lat' dir='ltr'><strong><em>Veronensis</em></strong></span> <span class='ocrx_word' id='word_1_597' title='bbox 1586 4411 1702 4476; x_wconf 79' lang='lat' dir='ltr'><strong><em>positam</em></strong></span> <span class='ocrx_word' id='word_1_598' title='bbox 1715 4407 1814 4473; x_wconf 67' lang='lat' dir='ltr'><strong><em>iegitur.</em></strong></span> 
     </span>
     <span class='ocr_line' id='line_1_47' title="bbox 295 4476 1890 4552; baseline -0.006 -16"><span class='ocrx_word' id='word_1_599' title='bbox 295 4498 349 4552; x_wconf 87' lang='lat' dir='ltr'><strong><em>quo</em></strong></span> <span class='ocrx_word' id='word_1_600' title='bbox 368 4479 505 4536; x_wconf 76' lang='lat' dir='ltr'><strong><em>temneat</em></strong></span> <span class='ocrx_word' id='word_1_601' title='bbox 524 4495 603 4535; x_wconf 88' lang='lat' dir='ltr'><strong><em>ttsaro</em></strong></span> <span class='ocrx_word' id='word_1_602' title='bbox 624 4482 814 4547; x_wconf 83' lang='lat' dir='ltr'><strong><em>anemioirnus,</em></strong></span> <span class='ocrx_word' id='word_1_603' title='bbox 836 4483 966 4552; x_wconf 86' lang='lat' dir='ltr'><strong><em>originem</em></strong></span> <span class='ocrx_word' id='word_1_604' title='bbox 979 4482 1092 4536; x_wconf 73' lang='lat' dir='ltr'><strong><em>duxisse</em></strong></span> <span class='ocrx_word' id='word_1_605' title='bbox 1181 4481 1314 4552; x_wconf 75' lang='grc' dir='ltr'><strong>(11)(1ιιιι</strong></span> <span class='ocrx_word' id='word_1_606' title='bbox 1331 4485 1523 4551; x_wconf 83' lang='lat' dir='ltr'><strong><em>posttesolum,</em></strong></span> <span class='ocrx_word' id='word_1_607' title='bbox 1537 4481 1584 4538; x_wconf 84' lang='lat' dir='ltr'><strong><em>sed</em></strong></span> <span class='ocrx_word' id='word_1_608' title='bbox 1600 4481 1716 4538; x_wconf 88' lang='lat' dir='ltr'><strong><em>etsoiuti</em></strong></span> <span class='ocrx_word' id='word_1_609' title='bbox 1730 4476 1890 4536; x_wconf 80' lang='lat' dir='ltr'><strong><em>sermonisuc</em></strong></span> 
     </span>
     <span class='ocr_line' id='line_1_48' title="bbox 298 4538 1890 4624; baseline -0.004 -18"><span class='ocrx_word' id='word_1_610' title='bbox 298 4553 427 4609; x_wconf 82' lang='lat' dir='ltr'><strong><em>ridetur:</em></strong></span> <span class='ocrx_word' id='word_1_611' title='bbox 445 4552 539 4608; x_wconf 85' lang='lat' dir='ltr'><strong><em>trabttit</em></strong></span> <span class='ocrx_word' id='word_1_612' title='bbox 555 4554 648 4616; x_wconf 87' lang='lat' dir='ltr'><strong><em>cuitu,</em></strong></span> <span class='ocrx_word' id='word_1_613' title='bbox 664 4565 693 4606; x_wconf 91' lang='lat' dir='ltr'><strong><em>ut</em></strong></span> <span class='ocrx_word' id='word_1_614' title='bbox 707 4552 837 4609; x_wconf 80' lang='lat' dir='ltr'><strong><em>credibile</em></strong></span> <span class='ocrx_word' id='word_1_615' title='bbox 857 4563 919 4620; x_wconf 89' lang='lat' dir='ltr'><strong><em>est,</em></strong></span> <span class='ocrx_word' id='word_1_616' title='bbox 935 4567 991 4624; x_wconf 73' lang='lat' dir='ltr'><strong><em>prae</em></strong></span> <span class='ocrx_word' id='word_1_617' title='bbox 1006 4552 1091 4606; x_wconf 89' lang='lat' dir='ltr'><strong><em>oeulis</em></strong></span> <span class='ocrx_word' id='word_1_618' title='bbox 1145 4563 1218 4609; x_wconf 84' lang='lat' dir='ltr'><strong><em>tores</em></strong></span> <span class='ocrx_word' id='word_1_619' title='bbox 1232 4555 1314 4608; x_wconf 86' lang='lat' dir='ltr'><strong><em>altnru</em></strong></span> <span class='ocrx_word' id='word_1_620' title='bbox 1330 4569 1379 4619; x_wconf 89' lang='lat' dir='ltr'><strong><em>pru</em></strong></span> <span class='ocrx_word' id='word_1_621' title='bbox 1392 4556 1459 4608; x_wconf 87' lang='lat' dir='ltr'><strong><em>mari</em></strong></span> <span class='ocrx_word' id='word_1_622' title='bbox 1472 4555 1619 4617; x_wconf 82' lang='lat' dir='ltr'><strong><em>dixerunt,</em></strong></span> <span class='ocrx_word' id='word_1_623' title='bbox 1635 4563 1663 4608; x_wconf 90' lang='lat' dir='ltr'><strong><em>ut</em></strong></span> <span class='ocrx_word' id='word_1_624' title='bbox 1676 4553 1786 4616; x_wconf 82' lang='lat' dir='ltr'><strong><em>Cicero,</em></strong></span> <span class='ocrx_word' id='word_1_625' title='bbox 1801 4538 1890 4600; x_wconf 74' lang='lat' dir='ltr'><strong><em>libuit</em></strong></span> 
     </span>
     <span class='ocr_line' id='line_1_49' title="bbox 298 4618 1890 4696; baseline -0.004 -17"><span class='ocrx_word' id='word_1_626' title='bbox 298 4624 388 4679; x_wconf 87' lang='lat' dir='ltr'><strong><em>lliiarii</em></strong></span> <span class='ocrx_word' id='word_1_627' title='bbox 404 4625 621 4694; x_wconf 82' lang='lat' dir='ltr'><strong><em>explanationem</em></strong></span> <span class='ocrx_word' id='word_1_628' title='bbox 637 4626 663 4679; x_wconf 95' lang='lat' dir='ltr'><strong><em>iu</em></strong></span> <span class='ocrx_word' id='word_1_629' title='bbox 679 4625 747 4694; x_wconf 86' lang='lat' dir='ltr'><strong><em>psai.</em></strong></span> <span class='ocrx_word' id='word_1_630' title='bbox 762 4639 861 4691; x_wconf 77' lang='lat' dir='ltr'><strong><em>casta,</em></strong></span> <span class='ocrx_word' id='word_1_631' title='bbox 884 4625 980 4679; x_wconf 86' lang='lat' dir='ltr'><strong><em>eodem</em></strong></span> <span class='ocrx_word' id='word_1_632' title='bbox 995 4637 1090 4678; x_wconf 84' lang='lat' dir='ltr'><strong><em>eteut·</em></strong></span> <span class='ocrx_word' id='word_1_633' title='bbox 1144 4623 1205 4680; x_wconf 73' lang='lat' dir='ltr'><strong><em>fin.</em></strong></span> <span class='ocrx_word' id='word_1_634' title='bbox 1223 4639 1296 4680; x_wconf 90' lang='lat' dir='ltr'><strong><em>nunt.</em></strong></span> <span class='ocrx_word' id='word_1_635' title='bbox 1313 4625 1367 4691; x_wconf 68' lang='lat'><strong><em>25,</em></strong></span> <span class='ocrx_word' id='word_1_636' title='bbox 1383 4639 1557 4696; x_wconf 74' lang='lat' dir='ltr'><strong><em>emergerem</em></strong></span> <span class='ocrx_word' id='word_1_637' title='bbox 1569 4625 1639 4693; x_wconf 84' lang='lat' dir='ltr'><strong><em>atu,</em></strong></span> <span class='ocrx_word' id='word_1_638' title='bbox 1655 4618 1890 4680; x_wconf 68' lang='lat' dir='ltr'><strong><em>arturianum</em></strong></span> 
     </span>
     <span class='ocr_line' id='line_1_50' title="bbox 296 4692 1883 4770; baseline 0.001 -19"><span class='ocrx_word' id='word_1_639' title='bbox 296 4697 357 4768; x_wconf 90' lang='lat' dir='ltr'><strong><em>pia,</em></strong></span> <span class='ocrx_word' id='word_1_640' title='bbox 375 4710 407 4749; x_wconf 92' lang='lat' dir='ltr'><strong><em>ac</em></strong></span> <span class='ocrx_word' id='word_1_641' title='bbox 421 4709 463 4751; x_wconf 91' lang='lat' dir='ltr'><strong><em>cst</em></strong></span> <span class='ocrx_word' id='word_1_642' title='bbox 485 4696 636 4751; x_wconf 87' lang='lat' dir='ltr'><strong><em>iiilurianus</em></strong></span> <span class='ocrx_word' id='word_1_643' title='bbox 649 4705 779 4752; x_wconf 86' lang='lat' dir='ltr'><strong><em>tractatus</em></strong></span> <span class='ocrx_word' id='word_1_644' title='bbox 792 4698 859 4750; x_wconf 80' lang='lat' dir='ltr'><strong><em>oben</em></strong></span> <span class='ocrx_word' id='word_1_645' title='bbox 871 4697 942 4750; x_wconf 91' lang='lat' dir='ltr'><strong><em>iuter</em></strong></span> <span class='ocrx_word' id='word_1_646' title='bbox 958 4692 1090 4750; x_wconf 69' lang='lat' dir='ltr'><strong><em>lenonia·</em></strong></span> <span class='ocrx_word' id='word_1_647' title='bbox 1107 4701 1132 4760; x_wconf 88' lang='lat'><strong><em>1)</em></strong></span> <span class='ocrx_word' id='word_1_648' title='bbox 1145 4711 1219 4752; x_wconf 88' lang='lat' dir='ltr'><strong><em>num.</em></strong></span> <span class='ocrx_word' id='word_1_649' title='bbox 1232 4697 1281 4759; x_wconf 71' lang='lat'><strong><em>32,</em></strong></span> <span class='ocrx_word' id='word_1_650' title='bbox 1296 4698 1324 4750; x_wconf 90' lang='lat' dir='ltr'><strong><em>in</em></strong></span> <span class='ocrx_word' id='word_1_651' title='bbox 1336 4699 1390 4752; x_wconf 89' lang='lat' dir='ltr'><strong><em>afro</em></strong></span> <span class='ocrx_word' id='word_1_652' title='bbox 1405 4707 1550 4770; x_wconf 84' lang='lat' dir='ltr'><strong><em>terrtpaator.</em></strong></span> <span class='ocrx_word' id='word_1_653' title='bbox 1845 4759 1849 4768; x_wconf 52' lang='grc'>,</span> <span class='ocrx_word' id='word_1_654' title='bbox 1879 4753 1883 4762; x_wconf 85' lang='grc'>,</span> 
     </span>
     <span class='ocr_line' id='line_1_51' title="bbox 297 4764 1890 4840; baseline -0.008 -17"><span class='ocrx_word' id='word_1_655' title='bbox 297 4785 346 4823; x_wconf 87' lang='lat' dir='ltr'><strong><em>uos</em></strong></span> <span class='ocrx_word' id='word_1_656' title='bbox 359 4767 467 4833; x_wconf 87' lang='lat' dir='ltr'><strong><em>editus,</em></strong></span> <span class='ocrx_word' id='word_1_657' title='bbox 481 4782 562 4835; x_wconf 87' lang='lat' dir='ltr'><strong><em>quem</em></strong></span> <span class='ocrx_word' id='word_1_658' title='bbox 584 4767 686 4822; x_wconf 88' lang='lat' dir='ltr'><strong><em>firiario</em></strong></span> <span class='ocrx_word' id='word_1_659' title='bbox 703 4782 774 4822; x_wconf 91' lang='lat' dir='ltr'><strong><em>nunc</em></strong></span> <span class='ocrx_word' id='word_1_660' title='bbox 789 4769 877 4836; x_wconf 89' lang='lat' dir='ltr'><strong><em>primo</em></strong></span> <span class='ocrx_word' id='word_1_661' title='bbox 890 4769 1044 4822; x_wconf 86' lang='lat' dir='ltr'><strong><em>restitutum</em></strong></span> <span class='ocrx_word' id='word_1_662' title='bbox 1064 4766 1091 4819; x_wconf 92' lang='lat' dir='ltr'><strong><em>iu</em></strong></span> <span class='ocrx_word' id='word_1_663' title='bbox 1181 4767 1239 4840; x_wconf 82' lang='grc'><strong>(15)</strong></span> <span class='ocrx_word' id='word_1_664' title='bbox 1255 4767 1330 4824; x_wconf 88' lang='lat' dir='ltr'><strong><em>Sicut</em></strong></span> <span class='ocrx_word' id='word_1_665' title='bbox 1342 4768 1482 4824; x_wconf 78' lang='lat' dir='ltr'><strong><em>credulitas</em></strong></span> <span class='ocrx_word' id='word_1_666' title='bbox 1497 4784 1546 4839; x_wconf 85' lang='lat' dir='ltr'><strong><em>pro</em></strong></span> <span class='ocrx_word' id='word_1_667' title='bbox 1559 4767 1620 4836; x_wconf 72' lang='lat' dir='ltr'><strong><em>fida,</em></strong></span> <span class='ocrx_word' id='word_1_668' title='bbox 1630 4781 1753 4838; x_wconf 78' lang='lat' dir='ltr'><strong><em>qsaeuou</em></strong></span> <span class='ocrx_word' id='word_1_669' title='bbox 1767 4764 1890 4820; x_wconf 86' lang='lat' dir='ltr'><strong><em>ieritausu</em></strong></span> 
     </span>
     <span class='ocr_line' id='line_1_52' title="bbox 296 4834 1928 4911; baseline -0.009 -15"><span class='ocrx_word' id='word_1_670' title='bbox 296 4838 480 4911; x_wconf 81' lang='lat' dir='ltr'><strong><em>lippertdiccnt</em></strong></span> <span class='ocrx_word' id='word_1_671' title='bbox 505 4839 711 4907; x_wconf 84' lang='lat' dir='ltr'><strong><em>tmrrstutlorus,</em></strong></span> <span class='ocrx_word' id='word_1_672' title='bbox 728 4840 771 4893; x_wconf 93' lang='lat' dir='ltr'><strong><em>ubi</em></strong></span> <span class='ocrx_word' id='word_1_673' title='bbox 786 4837 970 4893; x_wconf 75' lang='lat' dir='ltr'><strong><em>immobilia</em></strong></span> <span class='ocrx_word' id='word_1_674' title='bbox 993 4837 1093 4907; x_wconf 86' lang='lat' dir='ltr'><strong><em>pariter</em></strong></span> <span class='ocrx_word' id='word_1_675' title='bbox 1145 4839 1199 4902; x_wconf 85' lang='lat' dir='ltr'><strong><em>tio,</em></strong></span> <span class='ocrx_word' id='word_1_676' title='bbox 1226 4839 1272 4896; x_wconf 88' lang='lat' dir='ltr'><strong><em>sed</em></strong></span> <span class='ocrx_word' id='word_1_677' title='bbox 1296 4841 1393 4896; x_wconf 87' lang='lat' dir='ltr'><strong><em>virtute</em></strong></span> <span class='ocrx_word' id='word_1_678' title='bbox 1411 4839 1571 4904; x_wconf 87' lang='lat' dir='ltr'><strong><em>adhibetur,</em></strong></span> <span class='ocrx_word' id='word_1_679' title='bbox 1589 4849 1767 4908; x_wconf 78' lang='lat' dir='ltr'><strong><em>usurpaturo</em></strong></span> <span class='ocrx_word' id='word_1_680' title='bbox 1786 4834 1891 4908; x_wconf 65' lang='lat' dir='ltr'><strong><em>Zerroueti</em></strong></span> <span class='ocrx_word' id='word_1_681' title='bbox 1927 4861 1928 4876; x_wconf 61' lang='lat' dir='ltr'><strong><em>r</em></strong></span> 
     </span>
     <span class='ocr_line' id='line_1_53' title="bbox 297 4909 1889 4980; baseline -0.004 -13"><span class='ocrx_word' id='word_1_682' title='bbox 297 4913 411 4980; x_wconf 80' lang='lat' dir='ltr'><strong><em>iegitur,</em></strong></span> <span class='ocrx_word' id='word_1_683' title='bbox 431 4910 539 4965; x_wconf 81' lang='lat' dir='ltr'><strong><em>urnetsi</em></strong></span> <span class='ocrx_word' id='word_1_684' title='bbox 563 4915 589 4963; x_wconf 89' lang='lat' dir='ltr'><strong><em>tn</em></strong></span> <span class='ocrx_word' id='word_1_685' title='bbox 609 4909 703 4964; x_wconf 88' lang='lat' dir='ltr'><strong><em>ffilarii</em></strong></span> <span class='ocrx_word' id='word_1_686' title='bbox 725 4909 866 4965; x_wconf 78' lang='lat' dir='ltr'><strong><em>codicdtirs</em></strong></span> <span class='ocrx_word' id='word_1_687' title='bbox 885 4910 937 4964; x_wconf 88' lang='lat' dir='ltr'><strong><em>alia</em></strong></span> <span class='ocrx_word' id='word_1_688' title='bbox 950 4909 1032 4964; x_wconf 90' lang='lat' dir='ltr'><strong><em>lectio</em></strong></span> <span class='ocrx_word' id='word_1_689' title='bbox 1045 4922 1092 4962; x_wconf 88' lang='lat' dir='ltr'><strong><em>oo-</em></strong></span> <span class='ocrx_word' id='word_1_690' title='bbox 1143 4910 1205 4964; x_wconf 90' lang='lat' dir='ltr'><strong><em>aliis</em></strong></span> <span class='ocrx_word' id='word_1_691' title='bbox 1224 4910 1364 4975; x_wconf 88' lang='lat' dir='ltr'><strong><em>Patribus,</em></strong></span> <span class='ocrx_word' id='word_1_692' title='bbox 1382 4919 1410 4965; x_wconf 96' lang='lat' dir='ltr'><strong><em>ut</em></strong></span> <span class='ocrx_word' id='word_1_693' title='bbox 1422 4911 1591 4966; x_wconf 85' lang='lat' dir='ltr'><strong><em>ostendimus</em></strong></span> <span class='ocrx_word' id='word_1_694' title='bbox 1600 4909 1694 4965; x_wconf 85' lang='lat' dir='ltr'><strong><em>adnot.</em></strong></span> <span class='ocrx_word' id='word_1_695' title='bbox 1719 4911 1750 4972; x_wconf 82' lang='lat' dir='ltr'><strong><em>tt,</em></strong></span> <span class='ocrx_word' id='word_1_696' title='bbox 1772 4909 1795 4961; x_wconf 87' lang='lat' dir='ltr'><strong><em>ia</em></strong></span> <span class='ocrx_word' id='word_1_697' title='bbox 1811 4911 1889 4960; x_wconf 61' lang='lat' dir='ltr'><strong><em>tritt·</em></strong></span> 
     </span>
     <span class='ocr_line' id='line_1_54' title="bbox 297 4969 1928 5052; baseline -0.004 -14"><span class='ocrx_word' id='word_1_698' title='bbox 297 4993 387 5039; x_wconf 87' lang='lat' dir='ltr'><strong><em>currat</em></strong></span> <span class='ocrx_word' id='word_1_699' title='bbox 408 4991 464 5037; x_wconf 88' lang='lat' dir='ltr'><strong><em>tutu</em></strong></span> <span class='ocrx_word' id='word_1_700' title='bbox 480 4982 507 5036; x_wconf 87' lang='lat' dir='ltr'><strong><em>iu</em></strong></span> <span class='ocrx_word' id='word_1_701' title='bbox 531 4981 601 5048; x_wconf 88' lang='lat' dir='ltr'><strong><em>ftoc,</em></strong></span> <span class='ocrx_word' id='word_1_702' title='bbox 616 4992 671 5036; x_wconf 88' lang='lat' dir='ltr'><strong><em>tutu</em></strong></span> <span class='ocrx_word' id='word_1_703' title='bbox 691 4982 717 5037; x_wconf 89' lang='lat' dir='ltr'><strong><em>iu</em></strong></span> <span class='ocrx_word' id='word_1_704' title='bbox 731 4981 869 5036; x_wconf 85' lang='lat' dir='ltr'><strong><em>rtoueuilis</em></strong></span> <span class='ocrx_word' id='word_1_705' title='bbox 888 4980 947 5035; x_wconf 88' lang='lat' dir='ltr'><strong><em>allis</em></strong></span> <span class='ocrx_word' id='word_1_706' title='bbox 967 4979 1092 5050; x_wconf 81' lang='lat' dir='ltr'><strong><em>ejusdcm</em></strong></span> <span class='ocrx_word' id='word_1_707' title='bbox 1144 4980 1190 5036; x_wconf 90' lang='lat' dir='ltr'><strong><em>tib.</em></strong></span> <span class='ocrx_word' id='word_1_708' title='bbox 1204 4997 1231 5047; x_wconf 92' lang='lat' dir='ltr'><strong><em>t,</em></strong></span> <span class='ocrx_word' id='word_1_709' title='bbox 1246 4983 1280 5036; x_wconf 90' lang='lat' dir='ltr'><strong><em>ita</em></strong></span> <span class='ocrx_word' id='word_1_710' title='bbox 1294 4983 1415 5038; x_wconf 74' lang='lat' dir='ltr'><strong><em>arcuata·</em></strong></span> <span class='ocrx_word' id='word_1_711' title='bbox 1428 4982 1455 5038; x_wconf 88' lang='lat' dir='ltr'><strong><em>iu</em></strong></span> <span class='ocrx_word' id='word_1_712' title='bbox 1469 4983 1565 5036; x_wconf 88' lang='lat' dir='ltr'><strong><em>bonam</em></strong></span> <span class='ocrx_word' id='word_1_713' title='bbox 1580 4993 1684 5052; x_wconf 82' lang='lat' dir='ltr'><strong><em>parturn</em></strong></span> <span class='ocrx_word' id='word_1_714' title='bbox 1697 4981 1755 5035; x_wconf 86' lang='lat' dir='ltr'><strong><em>beia</em></strong></span> <span class='ocrx_word' id='word_1_715' title='bbox 1767 4975 1881 5032; x_wconf 74' lang='lat' dir='ltr'><strong><em>subibun-</em></strong></span> <span class='ocrx_word' id='word_1_716' title='bbox 1927 4969 1928 4994; x_wconf 63' lang='lat'>¹</span> 
     </span>
     <span class='ocr_line' id='line_1_55' title="bbox 298 5045 1890 5124; baseline -0.003 -14"><span class='ocrx_word' id='word_1_717' title='bbox 298 5052 445 5110; x_wconf 82' lang='lat' dir='ltr'><strong><em>testimonii</em></strong></span> <span class='ocrx_word' id='word_1_718' title='bbox 461 5053 567 5118; x_wconf 80' lang='lat' dir='ltr'><strong><em>serbis,</em></strong></span> <span class='ocrx_word' id='word_1_719' title='bbox 579 5061 609 5108; x_wconf 91' lang='lat' dir='ltr'><strong><em>ut</em></strong></span> <span class='ocrx_word' id='word_1_720' title='bbox 623 5052 650 5106; x_wconf 93' lang='lat' dir='ltr'><strong><em>in</em></strong></span> <span class='ocrx_word' id='word_1_721' title='bbox 665 5052 822 5123; x_wconf 75' lang='lat' dir='ltr'><strong><em>Appendice</em></strong></span> <span class='ocrx_word' id='word_1_722' title='bbox 834 5053 1033 5106; x_wconf 72' lang='lat' dir='ltr'><strong><em>concitabimus.</em></strong></span> <span class='ocrx_word' id='word_1_723' title='bbox 1049 5049 1092 5106; x_wconf 90' lang='lat' dir='ltr'><strong><em>Si·</em></strong></span> <span class='ocrx_word' id='word_1_724' title='bbox 1181 5053 1238 5124; x_wconf 87' lang='grc'><strong>(16)</strong></span> <span class='ocrx_word' id='word_1_725' title='bbox 1254 5052 1364 5110; x_wconf 87' lang='lat' dir='ltr'><strong><em>Proreto</em></strong></span> <span class='ocrx_word' id='word_1_726' title='bbox 1378 5055 1448 5123; x_wconf 89' lang='lat' dir='ltr'><strong><em>apud</em></strong></span> <span class='ocrx_word' id='word_1_727' title='bbox 1463 5051 1587 5109; x_wconf 87' lang='lat' dir='ltr'><strong><em>Plautum</em></strong></span> <span class='ocrx_word' id='word_1_728' title='bbox 1600 5051 1671 5109; x_wconf 82' lang='lat' dir='ltr'><strong><em>ilud.</em></strong></span> <span class='ocrx_word' id='word_1_729' title='bbox 1684 5069 1721 5119; x_wconf 82' lang='lat' dir='ltr'><strong><em>rs,</em></strong></span> <span class='ocrx_word' id='word_1_730' title='bbox 1732 5051 1795 5118; x_wconf 63' lang='lat' dir='ltr'><strong><em>uti</em></strong></span> <span class='ocrx_word' id='word_1_731' title='bbox 1805 5065 1819 5102; x_wconf 83' lang='grc' dir='ltr'><strong>ι</strong></span> <span class='ocrx_word' id='word_1_732' title='bbox 1830 5045 1890 5114; x_wconf 65' lang='lat' dir='ltr'><strong><em>tibi·</em></strong></span> 
     </span>
     <span class='ocr_line' id='line_1_56' title="bbox 299 5119 1892 5196; baseline -0.002 -19"><span class='ocrx_word' id='word_1_733' title='bbox 299 5125 399 5180; x_wconf 83' lang='lat' dir='ltr'><strong><em>utiliter</em></strong></span> <span class='ocrx_word' id='word_1_734' title='bbox 419 5137 453 5181; x_wconf 88' lang='lat' dir='ltr'><strong><em>tr.</em></strong></span> <span class='ocrx_word' id='word_1_735' title='bbox 475 5125 506 5192; x_wconf 88' lang='lat' dir='ltr'><strong><em>f,</em></strong></span> <span class='ocrx_word' id='word_1_736' title='bbox 525 5124 590 5191; x_wconf 80' lang='lat' dir='ltr'><strong><em>Qun</em></strong></span> <span class='ocrx_word' id='word_1_737' title='bbox 613 5124 680 5178; x_wconf 85' lang='lat' dir='ltr'><strong><em>enirn</em></strong></span> <span class='ocrx_word' id='word_1_738' title='bbox 699 5124 818 5196; x_wconf 78' lang='lat' dir='ltr'><strong><em>capuanis</em></strong></span> <span class='ocrx_word' id='word_1_739' title='bbox 841 5123 1021 5194; x_wconf 82' lang='lat' dir='ltr'><strong><em>cogitationem</em></strong></span> <span class='ocrx_word' id='word_1_740' title='bbox 1045 5119 1093 5176; x_wconf 82' lang='lat' dir='ltr'><strong><em>bar·</em></strong></span> <span class='ocrx_word' id='word_1_741' title='bbox 1142 5134 1237 5180; x_wconf 83' lang='lat' dir='ltr'><strong><em>nature</em></strong></span> <span class='ocrx_word' id='word_1_742' title='bbox 1260 5125 1336 5180; x_wconf 85' lang='lat' dir='ltr'><strong><em>tracis</em></strong></span> <span class='ocrx_word' id='word_1_743' title='bbox 1354 5126 1549 5196; x_wconf 83' lang='lat' dir='ltr'><strong><em>distinguitur,</em></strong></span> <span class='ocrx_word' id='word_1_744' title='bbox 1563 5133 1591 5180; x_wconf 90' lang='lat' dir='ltr'><strong><em>et</em></strong></span> <span class='ocrx_word' id='word_1_745' title='bbox 1603 5132 1646 5180; x_wconf 87' lang='lat' dir='ltr'><strong><em>est</em></strong></span> <span class='ocrx_word' id='word_1_746' title='bbox 1660 5125 1701 5192; x_wconf 90' lang='lat' dir='ltr'><strong><em>is,</em></strong></span> <span class='ocrx_word' id='word_1_747' title='bbox 1721 5127 1764 5195; x_wconf 91' lang='lat' dir='ltr'><strong><em>qui</em></strong></span> <span class='ocrx_word' id='word_1_748' title='bbox 1782 5119 1811 5175; x_wconf 84' lang='lat' dir='ltr'><strong><em>ad</em></strong></span> <span class='ocrx_word' id='word_1_749' title='bbox 1823 5125 1892 5188; x_wconf 64' lang='lat' dir='ltr'><strong><em>ptulit</em></strong></span> 
     </span>
     <span class='ocr_line' id='line_1_57' title="bbox 297 5193 1390 5268; baseline -0.004 -14"><span class='ocrx_word' id='word_1_750' title='bbox 297 5197 426 5254; x_wconf 85' lang='lat' dir='ltr'><strong><em>scribitur</em></strong></span> <span class='ocrx_word' id='word_1_751' title='bbox 441 5211 489 5267; x_wconf 88' lang='lat' dir='ltr'><strong><em>pro</em></strong></span> <span class='ocrx_word' id='word_1_752' title='bbox 503 5211 547 5264; x_wconf 88' lang='lat' dir='ltr'><strong><em>eo,</em></strong></span> <span class='ocrx_word' id='word_1_753' title='bbox 570 5197 640 5264; x_wconf 79' lang='lat' dir='ltr'><strong><em>rpuod</em></strong></span> <span class='ocrx_word' id='word_1_754' title='bbox 656 5195 700 5250; x_wconf 90' lang='lat' dir='ltr'><strong><em>bic</em></strong></span> <span class='ocrx_word' id='word_1_755' title='bbox 713 5211 768 5250; x_wconf 89' lang='lat' dir='ltr'><strong><em>nou</em></strong></span> <span class='ocrx_word' id='word_1_756' title='bbox 782 5197 882 5260; x_wconf 86' lang='lat' dir='ltr'><strong><em>miuus,</em></strong></span> <span class='ocrx_word' id='word_1_757' title='bbox 896 5209 976 5264; x_wconf 85' lang='lat' dir='ltr'><strong><em>quam</em></strong></span> <span class='ocrx_word' id='word_1_758' title='bbox 998 5193 1024 5247; x_wconf 90' lang='lat' dir='ltr'><strong><em>iu</em></strong></span> <span class='ocrx_word' id='word_1_759' title='bbox 1046 5193 1092 5250; x_wconf 90' lang='lat' dir='ltr'><strong><em>fii·</em></strong></span> <span class='ocrx_word' id='word_1_760' title='bbox 1144 5195 1219 5252; x_wconf 87' lang='lat' dir='ltr'><strong><em>scdot</em></strong></span> <span class='ocrx_word' id='word_1_761' title='bbox 1234 5237 1241 5263; x_wconf 87' lang='lat'><strong><em>,</em></strong></span> <span class='ocrx_word' id='word_1_762' title='bbox 1258 5204 1287 5252; x_wconf 93' lang='lat' dir='ltr'><strong><em>ut</em></strong></span> <span class='ocrx_word' id='word_1_763' title='bbox 1305 5207 1390 5268; x_wconf 87' lang='lat' dir='ltr'><strong><em>regat.</em></strong></span> 
     </span>
     <span class='ocr_line' id='line_1_58' title="bbox 297 5266 1813 5397; baseline -0.003 -73"><span class='ocrx_word' id='word_1_764' title='bbox 297 5269 401 5397; x_wconf 54' lang='lat' dir='ltr'><strong><em>flqriauo</em></strong></span> <span class='ocrx_word' id='word_1_765' title='bbox 417 5278 531 5324; x_wconf 85' lang='lat' dir='ltr'><strong><em>tractatu</em></strong></span> <span class='ocrx_word' id='word_1_766' title='bbox 556 5267 671 5339; x_wconf 86' lang='lat' dir='ltr'><strong><em>iegitur:</em></strong></span> <span class='ocrx_word' id='word_1_767' title='bbox 688 5266 753 5337; x_wconf 82' lang='lat' dir='ltr'><strong><em>Quis</em></strong></span> <span class='ocrx_word' id='word_1_768' title='bbox 767 5269 834 5322; x_wconf 83' lang='lat' dir='ltr'><strong><em>anim</em></strong></span> <span class='ocrx_word' id='word_1_769' title='bbox 853 5267 969 5335; x_wconf 80' lang='lat' dir='ltr'><strong><em>cogitarit</em></strong></span> <span class='ocrx_word' id='word_1_770' title='bbox 988 5281 1091 5320; x_wconf 78' lang='lat' dir='ltr'><strong><em>surram</em></strong></span> <span class='ocrx_word' id='word_1_771' title='bbox 1191 5299 1216 5351; x_wconf 57' lang='grc' dir='ltr'><strong><em>ὃ(</em></strong></span> <span class='ocrx_word' id='word_1_772' title='bbox 1230 5307 1256 5352; x_wconf 68' lang='grc' dir='ltr'>ω</span> <span class='ocrx_word' id='word_1_773' title='bbox 1269 5307 1366 5364; x_wconf 51' lang='grc' dir='ltr'><strong><em>ΝΜ</em></strong></span> <span class='ocrx_word' id='word_1_774' title='bbox 1375 5303 1415 5352; x_wconf 54' lang='lat' dir='ltr'>isti</span> <span class='ocrx_word' id='word_1_775' title='bbox 1428 5285 1487 5354; x_wconf 57' lang='lat' dir='ltr'><strong>mvi·</strong></span> <span class='ocrx_word' id='word_1_776' title='bbox 1495 5315 1533 5362; x_wconf 42' lang='lat' dir='ltr'><strong><em>es,</em></strong></span> <span class='ocrx_word' id='word_1_777' title='bbox 1545 5315 1593 5367; x_wconf 58' lang='lat' dir='ltr'><strong><em>ego</em></strong></span> <span class='ocrx_word' id='word_1_778' title='bbox 1604 5291 1755 5366; x_wconf 45' lang='lat' dir='ltr'><strong><em>gubernator</em></strong></span> <span class='ocrx_word' id='word_1_779' title='bbox 1766 5288 1813 5351; x_wconf 35' lang='lat' dir='ltr'><strong><em>epo·</em></strong></span> 
     </span>
     <span class='ocr_line' id='line_1_59' title="bbox 324 5362 1873 5489; baseline -0.007 -16"><span class='ocrx_word' id='word_1_780' title='bbox 324 5362 427 5489; x_wconf 54' lang='lat' dir='ltr'><strong><em>‘fruto</em></strong></span> <span class='ocrx_word' id='word_1_781' title='bbox 443 5411 547 5468; x_wconf 86' lang='lat' dir='ltr'><strong><em>Latinis</em></strong></span> <span class='ocrx_word' id='word_1_782' title='bbox 564 5409 657 5467; x_wconf 81' lang='lat' dir='ltr'><strong><em>foricis</em></strong></span> <span class='ocrx_word' id='word_1_783' title='bbox 669 5409 808 5483; x_wconf 81' lang='lat' dir='ltr'><strong><em>grandinat</em></strong></span> <span class='ocrx_word' id='word_1_784' title='bbox 818 5409 1092 5481; x_wconf 78' lang='lat' dir='ltr'><strong><em>irrupersouatiterjpo-</em></strong></span> <span class='ocrx_word' id='word_1_785' title='bbox 1145 5405 1215 5464; x_wconf 81' lang='lat' dir='ltr'><strong><em>lide</em></strong></span> <span class='ocrx_word' id='word_1_786' title='bbox 1227 5405 1383 5463; x_wconf 80' lang='lat' dir='ltr'><strong><em>Turnebuut</em></strong></span> <span class='ocrx_word' id='word_1_787' title='bbox 1397 5406 1544 5464; x_wconf 81' lang='lat' dir='ltr'><strong><em>sdversor.</em></strong></span> <span class='ocrx_word' id='word_1_788' title='bbox 1567 5407 1613 5464; x_wconf 90' lang='lat' dir='ltr'><strong><em>fib.</em></strong></span> <span class='ocrx_word' id='word_1_789' title='bbox 1630 5423 1731 5476; x_wconf 78' lang='lat' dir='ltr'><strong><em>astru,</em></strong></span> <span class='ocrx_word' id='word_1_790' title='bbox 1746 5401 1847 5484; x_wconf 57' lang='lat' dir='ltr'><strong><em>capii·</em></strong></span> <span class='ocrx_word' id='word_1_791' title='bbox 1870 5465 1873 5475; x_wconf 70' lang='grc'>,</span> 
     </span>
     <span class='ocr_line' id='line_1_60' title="bbox 299 5477 1892 5552; baseline -0.008 -8"><span class='ocrx_word' id='word_1_792' title='bbox 299 5478 416 5546; x_wconf 82' lang='lat' dir='ltr'><strong><em>trituret</em></strong></span> <span class='ocrx_word' id='word_1_793' title='bbox 429 5487 551 5549; x_wconf 88' lang='lat' dir='ltr'><strong><em>Seneca,</em></strong></span> <span class='ocrx_word' id='word_1_794' title='bbox 573 5483 622 5538; x_wconf 90' lang='lat' dir='ltr'><strong><em>fib.</em></strong></span> <span class='ocrx_word' id='word_1_795' title='bbox 638 5498 665 5537; x_wconf 88' lang='lat' dir='ltr'><strong><em>tr</em></strong></span> <span class='ocrx_word' id='word_1_796' title='bbox 688 5481 781 5538; x_wconf 65' lang='lat' dir='ltr'><strong><em>ultor.</em></strong></span> <span class='ocrx_word' id='word_1_797' title='bbox 800 5482 903 5548; x_wconf 75' lang='lat' dir='ltr'><strong><em>Quasi.</em></strong></span> <span class='ocrx_word' id='word_1_798' title='bbox 919 5495 978 5550; x_wconf 85' lang='lat' dir='ltr'><strong><em>cap,</em></strong></span> <span class='ocrx_word' id='word_1_799' title='bbox 994 5479 1022 5534; x_wconf 80' lang='lat' dir='ltr'><strong><em>i.</em></strong></span> <span class='ocrx_word' id='word_1_800' title='bbox 1040 5481 1093 5538; x_wconf 87' lang='lat' dir='ltr'><strong><em>Sed</em></strong></span> <span class='ocrx_word' id='word_1_801' title='bbox 1183 5479 1241 5552; x_wconf 83' lang='lat' dir='ltr'><strong><em>(ii)</em></strong></span> <span class='ocrx_word' id='word_1_802' title='bbox 1259 5478 1339 5550; x_wconf 84' lang='lat' dir='ltr'><strong><em>iiaqcr</em></strong></span> <span class='ocrx_word' id='word_1_803' title='bbox 1351 5477 1412 5534; x_wconf 82' lang='lat' dir='ltr'><strong><em>irate</em></strong></span> <span class='ocrx_word' id='word_1_804' title='bbox 1423 5479 1592 5549; x_wconf 86' lang='lat' dir='ltr'><strong><em>appellantur</em></strong></span> <span class='ocrx_word' id='word_1_805' title='bbox 1606 5479 1783 5550; x_wconf 87' lang='lat' dir='ltr'><strong><em>fruperatores</em></strong></span> <span class='ocrx_word' id='word_1_806' title='bbox 1793 5477 1892 5550; x_wconf 59' lang='lat' dir='ltr'><strong><em>impii-¹·</em></strong></span> 
     </span>
     <span class='ocr_line' id='line_1_61' title="bbox 298 5541 1891 5627; baseline -0.009 -11"><span class='ocrx_word' id='word_1_807' title='bbox 298 5561 438 5627; x_wconf 85' lang='lat' dir='ltr'><strong><em>arandiuor</em></strong></span> <span class='ocrx_word' id='word_1_808' title='bbox 460 5558 542 5613; x_wconf 87' lang='lat' dir='ltr'><strong><em>etiarn</em></strong></span> <span class='ocrx_word' id='word_1_809' title='bbox 566 5556 673 5626; x_wconf 84' lang='lat' dir='ltr'><strong><em>passive</em></strong></span> <span class='ocrx_word' id='word_1_810' title='bbox 696 5555 869 5624; x_wconf 77' lang='lat' dir='ltr'><strong><em>carrrjugoturn</em></strong></span> <span class='ocrx_word' id='word_1_811' title='bbox 890 5552 973 5608; x_wconf 80' lang='lat' dir='ltr'><strong><em>fuisse</em></strong></span> <span class='ocrx_word' id='word_1_812' title='bbox 990 5567 1023 5606; x_wconf 82' lang='lat' dir='ltr'><strong><em>et</em></strong></span> <span class='ocrx_word' id='word_1_813' title='bbox 1043 5555 1094 5607; x_wconf 91' lang='lat' dir='ltr'><strong><em>boe</em></strong></span> <span class='ocrx_word' id='word_1_814' title='bbox 1147 5549 1349 5614; x_wconf 73' lang='lat' dir='ltr'><strong><em>nossemus,</em></strong></span> <span class='ocrx_word' id='word_1_815' title='bbox 1370 5564 1418 5606; x_wconf 85' lang='lat' dir='ltr'><strong><em>uec</em></strong></span> <span class='ocrx_word' id='word_1_816' title='bbox 1440 5565 1494 5606; x_wconf 91' lang='lat' dir='ltr'><strong><em>uon</em></strong></span> <span class='ocrx_word' id='word_1_817' title='bbox 1509 5551 1643 5608; x_wconf 80' lang='lat' dir='ltr'><strong><em>surianos</em></strong></span> <span class='ocrx_word' id='word_1_818' title='bbox 1669 5541 1891 5608; x_wconf 63' lang='lat' dir='ltr'><strong><em>etlntauiusf&#39;ui·</em></strong></span> 
     </span>
     <span class='ocr_line' id='line_1_62' title="bbox 269 5619 1892 5696; baseline -0.007 -8"><span class='ocrx_word' id='word_1_819' title='bbox 269 5663 276 5677; x_wconf 85' lang='lat'><strong>·</strong></span> <span class='ocrx_word' id='word_1_820' title='bbox 297 5620 414 5690; x_wconf 65' lang='lat' dir='ltr'><strong><em>fresonis</em></strong></span> <span class='ocrx_word' id='word_1_821' title='bbox 427 5627 584 5685; x_wconf 86' lang='lat' dir='ltr'><strong><em>testimonio</em></strong></span> <span class='ocrx_word' id='word_1_822' title='bbox 596 5627 725 5681; x_wconf 82' lang='lat' dir='ltr'><strong><em>disciturus</em></strong></span> <span class='ocrx_word' id='word_1_823' title='bbox 737 5645 744 5680; x_wconf 77' lang='lat' dir='ltr'>z</span> <span class='ocrx_word' id='word_1_824' title='bbox 758 5625 866 5696; x_wconf 91' lang='lat' dir='ltr'><strong><em>quodsi</em></strong></span> <span class='ocrx_word' id='word_1_825' title='bbox 890 5623 1096 5678; x_wconf 86' lang='lat' dir='ltr'><strong><em>animadvertis·</em></strong></span> <span class='ocrx_word' id='word_1_826' title='bbox 1146 5637 1214 5692; x_wconf 92' lang='lat' dir='ltr'><strong><em>quos</em></strong></span> <span class='ocrx_word' id='word_1_827' title='bbox 1228 5619 1328 5676; x_wconf 84' lang='lat' dir='ltr'><strong><em>luduis</em></strong></span> <span class='ocrx_word' id='word_1_828' title='bbox 1342 5621 1454 5678; x_wconf 85' lang='lat' dir='ltr'><strong><em>infestos</em></strong></span> <span class='ocrx_word' id='word_1_829' title='bbox 1467 5625 1634 5692; x_wconf 85' lang='lat' dir='ltr'><strong><em>acecpimus.</em></strong></span> <span class='ocrx_word' id='word_1_830' title='bbox 1890 5675 1892 5684; x_wconf 88' lang='grc'>,</span> 
     </span>
     <span class='ocr_line' id='line_1_63' title="bbox 298 5691 1894 5771; baseline -0.011 -12"><span class='ocrx_word' id='word_1_831' title='bbox 298 5718 338 5762; x_wconf 90' lang='lat' dir='ltr'><strong><em>set</em></strong></span> <span class='ocrx_word' id='word_1_832' title='bbox 354 5702 470 5759; x_wconf 71' lang='lat' dir='ltr'><strong><em>{bisibus</em></strong></span> <span class='ocrx_word' id='word_1_833' title='bbox 483 5699 588 5764; x_wconf 81' lang='lat' dir='ltr'><strong><em>Faber,</em></strong></span> <span class='ocrx_word' id='word_1_834' title='bbox 602 5697 649 5770; x_wconf 90' lang='lat' dir='ltr'><strong><em>qui</em></strong></span> <span class='ocrx_word' id='word_1_835' title='bbox 661 5693 712 5752; x_wconf 85' lang='lat' dir='ltr'><strong><em>alia</em></strong></span> <span class='ocrx_word' id='word_1_836' title='bbox 725 5714 778 5753; x_wconf 84' lang='lat' dir='ltr'><strong><em>urm</em></strong></span> <span class='ocrx_word' id='word_1_837' title='bbox 791 5711 875 5768; x_wconf 89' lang='lat' dir='ltr'><strong><em>pauca</em></strong></span> <span class='ocrx_word' id='word_1_838' title='bbox 887 5696 965 5751; x_wconf 86' lang='lat' dir='ltr'><strong><em>uuius</em></strong></span> <span class='ocrx_word' id='word_1_839' title='bbox 978 5694 1095 5750; x_wconf 87' lang='lat' dir='ltr'><strong><em>Zenonis</em></strong></span> <span class='ocrx_word' id='word_1_840' title='bbox 1182 5691 1240 5767; x_wconf 91' lang='grc'><strong>(18)</strong></span> <span class='ocrx_word' id='word_1_841' title='bbox 1254 5694 1290 5748; x_wconf 87' lang='lat' dir='ltr'><strong><em>lta</em></strong></span> <span class='ocrx_word' id='word_1_842' title='bbox 1304 5709 1339 5747; x_wconf 80' lang='lat' dir='ltr'><strong><em>et</em></strong></span> <span class='ocrx_word' id='word_1_843' title='bbox 1358 5708 1410 5748; x_wconf 87' lang='lat' dir='ltr'><strong><em>ors.</em></strong></span> <span class='ocrx_word' id='word_1_844' title='bbox 1424 5691 1520 5764; x_wconf 89' lang='lat' dir='ltr'><strong><em>Poutp.</em></strong></span> <span class='ocrx_word' id='word_1_845' title='bbox 1529 5695 1652 5766; x_wconf 80' lang='lat' dir='ltr'><strong><em>gestitiro</em></strong></span> <span class='ocrx_word' id='word_1_846' title='bbox 1665 5694 1810 5771; x_wconf 74' lang='lat' dir='ltr'><strong><em>graecanica</em></strong></span> <span class='ocrx_word' id='word_1_847' title='bbox 1818 5707 1825 5743; x_wconf 82' lang='lat' dir='ltr'><strong><em>c</em></strong></span> <span class='ocrx_word' id='word_1_848' title='bbox 1836 5691 1894 5740; x_wconf 63' lang='lat' dir='ltr'><strong><em>auten</em></strong></span> 
     </span>
     <span class='ocr_line' id='line_1_64' title="bbox 298 5755 1893 5841; baseline -0.008 -12"><span class='ocrx_word' id='word_1_849' title='bbox 298 5773 461 5830; x_wconf 81' lang='lat' dir='ltr'><strong><em>nunaututo</em></strong></span> <span class='ocrx_word' id='word_1_850' title='bbox 474 5772 572 5829; x_wconf 86' lang='lat' dir='ltr'><strong><em>ductus</em></strong></span> <span class='ocrx_word' id='word_1_851' title='bbox 585 5773 610 5825; x_wconf 92' lang='lat' dir='ltr'><strong><em>in</em></strong></span> <span class='ocrx_word' id='word_1_852' title='bbox 625 5769 832 5826; x_wconf 83' lang='lat' dir='ltr'><strong><em>celeberrimum</em></strong></span> <span class='ocrx_word' id='word_1_853' title='bbox 847 5767 1010 5826; x_wconf 89' lang='lat' dir='ltr'><strong><em>eruditionis</em></strong></span> <span class='ocrx_word' id='word_1_854' title='bbox 1022 5765 1095 5841; x_wconf 80' lang='lat' dir='ltr'><strong><em>fite·</em></strong></span> <span class='ocrx_word' id='word_1_855' title='bbox 1145 5768 1254 5822; x_wconf 87' lang='lat' dir='ltr'><strong><em>codices</em></strong></span> <span class='ocrx_word' id='word_1_856' title='bbox 1261 5759 1365 5818; x_wconf 74' lang='lat' dir='ltr'><strong><em>Nirdae.</em></strong></span> <span class='ocrx_word' id='word_1_857' title='bbox 1376 5763 1463 5833; x_wconf 82' lang='lat' dir='ltr'><strong><em>Scribi</em></strong></span> <span class='ocrx_word' id='word_1_858' title='bbox 1473 5767 1555 5820; x_wconf 84' lang='lat' dir='ltr'><strong><em>etiarn</em></strong></span> <span class='ocrx_word' id='word_1_859' title='bbox 1570 5755 1893 5836; x_wconf 55' lang='lat' dir='ltr'><strong><em>potestdiinr’riptuedtl</em></strong></span> 
     </span>
     <span class='ocr_line' id='line_1_65' title="bbox 301 5835 1798 5912; baseline -0.007 -14"><span class='ocrx_word' id='word_1_860' title='bbox 301 5860 408 5899; x_wconf 82' lang='lat' dir='ltr'><strong><em>sutirum</em></strong></span> <span class='ocrx_word' id='word_1_861' title='bbox 424 5844 556 5906; x_wconf 85' lang='lat' dir='ltr'><strong><em>inseruit,</em></strong></span> <span class='ocrx_word' id='word_1_862' title='bbox 572 5843 636 5912; x_wconf 87' lang='lat' dir='ltr'><strong><em>quin</em></strong></span> <span class='ocrx_word' id='word_1_863' title='bbox 653 5841 721 5895; x_wconf 84' lang='lat' dir='ltr'><strong><em>fratrc</em></strong></span> <span class='ocrx_word' id='word_1_864' title='bbox 735 5841 842 5911; x_wconf 87' lang='lat' dir='ltr'><strong><em>qttuqrie</em></strong></span> <span class='ocrx_word' id='word_1_865' title='bbox 857 5838 949 5896; x_wconf 72' lang='lat' dir='ltr'><strong><em>siccin</em></strong></span> <span class='ocrx_word' id='word_1_866' title='bbox 964 5835 1095 5894; x_wconf 67' lang='lat' dir='ltr'><strong><em>insanus·</em></strong></span> <span class='ocrx_word' id='word_1_867' title='bbox 1146 5844 1197 5891; x_wconf 73' lang='lat' dir='ltr'><strong><em>nte.</em></strong></span> <span class='ocrx_word' id='word_1_868' title='bbox 1216 5835 1308 5903; x_wconf 75' lang='lat' dir='ltr'><strong><em>l’outp.</em></strong></span> <span class='ocrx_word' id='word_1_869' title='bbox 1321 5835 1463 5904; x_wconf 85' lang='lat' dir='ltr'><strong><em>posteriori</em></strong></span> <span class='ocrx_word' id='word_1_870' title='bbox 1477 5849 1557 5892; x_wconf 85' lang='lat' dir='ltr'><strong><em>ututur</em></strong></span> <span class='ocrx_word' id='word_1_871' title='bbox 1570 5837 1740 5892; x_wconf 88' lang='lat' dir='ltr'><strong><em>enteudnturn</em></strong></span> <span class='ocrx_word' id='word_1_872' title='bbox 1752 5845 1798 5890; x_wconf 85' lang='lat' dir='ltr'><strong><em>est.</em></strong></span> 
     </span>
    </p>
   </div>
   <div class='ocr_carea' id='block_1_6' title="bbox 0 0 1994 6308">
    <p class='ocr_par' dir='ltr' id='par_1_9' title="bbox 0 0 1994 6308">
     <span class='ocr_line' id='line_1_66' title="bbox 0 0 1994 6308; baseline 0 0"><span class='ocrx_word' id='word_1_873' title='bbox 0 0 1994 6308; x_wconf 95' lang='lat' dir='ltr'><strong><em> </em></strong></span> 
     </span>
    </p>
   </div>
  </div>
 </body>
</html>
