3950 6317
98 308 163 365 ete
612 301 750 361 ttelllta
765 294 976 358 stercutum
992 296 1026 354 tlt
1045 299 1220 360 ΖΕΝΟΝΕΜ.
1708 309 1763 366 ele

97 425 152 492 qni
170 422 256 480 ualde
270 429 371 479 mature
391 417 511 491 quidem,
536 433 606 475 anno
629 415 757 474 nimirum
779 411 862 482 lete,
876 427 910 469 ex
924 420 951 482 Α
964 411 1084 468 iudicant
1098 415 1289 472 sumtatieues
1300 415 1410 488 aliquae,
1429 419 1456 475 ln
1476 417 1575 492 qrtibus
1587 418 1621 478 ad
1634 419 1766 498 obcerta-

97 516 208 574 codioe
223 531 239 572 a
252 515 369 573 Goarino
380 509 533 570 Veronensi
544 519 653 583 reperto
665 508 784 566 Zenonis
798 505 909 564 neruiue
962 506 1050 563 tlottes
1065 507 1092 562 in
1105 507 1215 564 eosdem
1229 519 1382 582 musnet
1396 527 1506 585 qnoque
1517 527 1661 572 umbones
1674 515 1762 572 lecto·

98 606 162 665 incl
186 606 246 669 dati
270 617 332 666 sent
346 619 496 674 sennoues,
512 621 565 662 non
581 604 662 661 modo
675 601 741 659 nibli
756 599 837 656 ismae
857 597 909 656 Ιιιι-
960 611 1018 652 rem
1032 597 1152 655 restittit.
1170 598 1250 658 iiisee
1264 611 1353 660 autem
1369 605 1395 662 in
1408 605 1630 664 atonetatlonlbas
1649 619 1678 666 et
1698 623 1761 666 cer·

93 701 149 770 ius
162 704 288 759 auctoris
300 698 470 773 proluerent,
491 697 540 757 sed
563 699 645 756 etiam
669 695 703 752 ad
717 693 908 751 confundenda
960 689 1082 758 raptiora
1105 689 1230 760 qeedmt
1245 693 1303 750 toea
1321 695 1435 752 tentarit
1448 697 1597 754 emendare
1618 709 1647 758 et
1665 699 1764 758 titen-

97 792 254 852 deetomm
268 797 302 853 de
316 811 349 852 eo
366 794 469 866 indicia
490 793 644 860 valuernut,
662 797 801 862 praeeunte
813 788 909 860 imprl·
959 781 1043 838 liores
1054 781 1186 853 quasdam
1202 785 1351 842 ιιιιιιιιίιι
1373 789 1510 859 explicare
1524 791 1635 848 uatitm
1646 801 1675 848 et
1694 807 1761 850 eru·

95 887 157 945 mis
168 887 214 945 io.
230 889 307 947 Sixto
320 890 433 948 Senensi
444 887 489 960 (ln
502 883 618 944 lillietb.
634 893 733 951 ιιιιιιιιι,
748 897 785 950 rr,
798 881 838 936 ed.
855 880 907 937 eoi.
959 873 1016 930 dite
1040 873 1152 931 studuit.
1177 871 1237 932 line
1254 879 1350 936 codiee
1362 892 1442 950 usus,
1468 897 1550 955 quem
1573 885 1661 942 serius
1677 886 1762 944 etiam

95 981 158 1037 lou.
175 999 237 1056 apr.
256 981 336 1050 1666,
353 1002 380 1056 p.
395 980 472 1054 391),
489 983 547 1052 qui,
571 993 631 1036 cerm
655 977 757 1048 aliquot
778 981 909 1030 tractatus
958 965 1098 1038 accepisse
1111 967 1230 1037 ridetur,
1247 969 1320 1026 alios
1333 987 1406 1044 sepa
1419 961 1596 1044 desiderabit,
1612 979 1690 1050 quei,
1704 981 1762 1037 sqq.

93 1071 344 1144 deprehendisset,
370 1073 416 1146 qni
438 1073 536 1145 partim
560 1069 689 1126 ilitartom
711 1073 759 1122 aut
776 1064 906 1122 Basiliam
958 1077 1050 1120 eeraur
1067 1065 1211 1122 lectionem
1236 1069 1400 1126 restitueret.
1421 1071 1535 1142 slltqnos
1550 1083 1757 1146 traettmssup·

92 1177 247 1225 auctorem
262 1167 406 1233 baberent,
421 1167 518 1239 partim
532 1173 670 1220 auctorem
690 1161 770 1231 longe
790 1155 905 1225 zenoni,
958 1158 1093 1230 peritities
1119 1159 1198 1232 plane
1221 1164 1364 1234 deguerit,
1381 1173 1410 1221 nt
1422 1180 1483 1222 cem
1498 1167 1635 1240 uulgatum
1648 1169 1683 1228 de
1697 1171 1761 1228 Gal-

91 1259 181 1332 quus
209 1261 321 1329 insuper
335 1269 442 1316 etatem
466 1258 567 1325 sixtus,
591 1269 653 1311 curn
677 1253 760 1309 Petne
780 1250 907 1322 equiturn
958 1250 1024 1306 lieni
1039 1260 1122 1308 aetate
1144 1253 1331 1325 prejudicium
1353 1257 1473 1314 nendum
1497 1257 1658 1330 detexisset,
1681 1261 1761 1318 berit

92 1351 233 1424 episcope
258 1350 293 1407 ad
319 1349 474 1408 Gallienum
505 1363 590 1421 nsque
614 1346 746 1412 retraxit,
773 1342 905 1400 seriorem
956 1341 1067 1411 alicubi,
1082 1345 1229 1416 quominus
1250 1347 1760 1419 aiiqtmsnddititiestractatusalisuos

91 1451 301 1512 monstrarent,
318 1443 396 1502 iacile
409 1459 439 1501 se
453 1442 622 1500 dubitatione
643 1438 730 1510 abripi
754 1449 850 1508 passus
863 1441 906 1491 est
956 1435 1093 1504 erederet,
1120 1440 1219 1498 alicubi
1240 1441 1321 1498 etiam
1344 1443 1491 1514 genuinum
1515 1443 1633 1501 Zenonis
1654 1459 1761 1502 sermo-

91 1536 131 1592 ad
155 1535 239 1595 fldem
263 1537 379 1611 reliquis
400 1537 481 1593 etiarn
506 1534 632 1592 omnibns
656 1528 851 1602 derogandam,
875 1535 907 1584 ut
955 1543 1031 1598 uem,
1055 1531 1102 1602 qut
1125 1534 1239 1590 eiaemti
1262 1547 1316 1590 nen
1331 1537 1465 1608 congruit,
1486 1535 1521 1592 ab
1542 1537 1640 1594 malem
1654 1537 1759 1610 adjttdi·

92 1627 199 1700 majori
211 1644 246 1686 ex
261 1641 339 1701 parte
362 1629 495 1685 collectos
517 1641 578 1684 csse
591 1641 625 1683 ex
646 1624 766 1681 dirersis
788 1622 905 1679 auctori·
955 1623 1072 1680 endon
1088 1627 1212 1697 putarit:
1234 1637 1263 1683 nt
1277 1641 1310 1684 ne
1324 1633 1417 1686 tamen
1431 1641 1537 1686 certum
1552 1631 1598 1700 sit,
1614 1644 1648 1686 un
1670 1639 1759 1688 muta·

90 1719 148 1777 bns
163 1764 172 1787 ,
187 1720 314 1777 ducentis
328 1719 489 1793 pensandis
509 1719 612 1776 moeni
636 1716 833 1790 posterioribus
845 1725 903 1772 sta·
955 1723 1032 1773 turns
1058 1717 1155 1776 luisset
1181 1721 1358 1790 seutentiam,
1388 1723 1412 1781 si
1440 1723 1553 1782 editioni
1585 1725 1759 1798 porlleleudup

91 1819 201 1870 meret.
230 1812 299 1870 ilinc
321 1813 459 1884 aliquanto
479 1811 561 1884 plane
582 1811 735 1867 dubitatum
756 1809 816 1876 leit,
838 1823 903 1865 nunt
917 1819 943 1882 Β
956 1810 1125 1884 longiorique
1143 1814 1312 1871 meditationi
1336 1825 1443 1888 tempus
1465 1817 1654 1889 superfuisset.
1679 1817 1757 1874 iitttte

97 1905 177 1962 inter
199 1903 349 1977 scriptores
370 1888 652 1962 ecclesiastieosbeao
661 1913 735 1960 esset
746 1902 906 1960 referendus
957 1901 1069 1960 abactm
1094 1904 1138 1962 itie
1161 1905 1314 1978 sparaverii
1336 1913 1548 1966 commentarius
1566 1911 1624 1982 ipse
1647 1923 1756 1982 qaoque

90 1996 251 2071 (tlubillon.
266 1997 413 2055 destruitis
426 2007 535 2054 monmt.
551 2005 625 2070 purte
635 1995 732 2067 perne,
746 1995 902 2068 peteret
957 1993 1166 2054 balleriniorum
1190 1999 1302 2058 editieui
1324 2003 1449 2060 accessit.
1471 2001 1578 2070 ¹ilerum
1601 2003 1682 2076 igiter
1705 2003 1757 2059 int·

89 2092 218 2149 scande
228 2089 904 2164 lenociniis-mildoqnauqmmanctoresedi·
955 2090 1064 2146 mortali
1083 2107 1164 2163 opera
1178 2093 1304 2152 mertem
1320 2103 1373 2164 est,
1397 2106 1435 2162 ιιι,
1457 2097 1508 2154 eei·
1522 2106 1600 2154 antea
1624 2096 1755 2154 bonorem

90 2185 136 2242 nis
142 2185 317 2243 Veronensis
327 2200 401 2241 anno
414 2183 496 2252 1586,
512 2181 643 2240 uindicias
653 2190 695 2238 sat
706 2170 825 2254 prolixas
838 2197 903 2239 een·
954 2183 1118 2252 scriptorum
1140 2193 1222 2256 atque
1236 2189 1325 2258 ipsum
1338 2195 1437 2244 statem
1451 2189 1524 2246 docti
1539 2188 1717 2262 denegarent,
1733 2191 1756 2246 is

91 2279 268 2347 texuerint;r
287 2293 348 2336 eum
364 2287 453 2335 tamen
463 2279 520 2350 ipsa
536 2279 562 2333 in
574 2275 692 2334 editione
707 2285 807 2350 praelcr
820 2275 902 2332 aliurn
951 2276 1008 2346 iarn
1030 2291 1154 2343 munere,
1176 2279 1281 2336 meritis
1294 2289 1323 2336 et
1337 2281 1444 2353 scriptis
1463 2281 1683 2338 insolentissimae
1697 2284 1756 2338 edi·

90 2386 256 2427 sermonum
271 2371 476 2443 ordinemque
490 2371 534 2427 isti
547 2370 574 2427 in
585 2371 654 2426 dues
666 2368 752 2426 libros
765 2366 903 2425 distributi
953 2369 1035 2425 tiottis
1046 2367 1150 2426 benere
1163 2371 1297 2428 decoratis
1316 2376 1463 2431 elucescat.
1486 2374 1693 2431 balleriniorum
1708 2391 1755 2432 re·

90 2476 246 2523 cernuntur
267 2465 335 2522 nibil
350 2476 476 2524 occurrat
488 2467 562 2533 noti,
586 2465 634 2522 sed
654 2478 750 2520 omnes
771 2472 900 2520 tractatus
955 2461 1112 2518 censionem
1127 2477 1158 2518 ue
1173 2461 1391 2521 distributionem
1407 2480 1515 2524 scentes
1529 2477 1571 2524 est
1587 2466 1752 2525 dedendine.

91 2574 172 2628 :eque
184 2559 242 2616 sint
259 2559 420 2631 perturbati,
433 2559 561 2632 permixti
574 2574 605 2615 ac
620 2573 670 2630 pre
682 2557 845 2615 Zenonianis
859 2555 901 2612 dl·
951 2550 1112 2608 Notissitttae
1133 2551 1161 2609 in
1176 2553 1316 2612 Zenonem
1331 2570 1403 2614 curte
1417 2567 1481 2615 sunt
1492 2553 1677 2616 Burtbuluntoet
1701 2559 1753 2616 Pe-

89 2653 208 2722 renditi,
225 2653 244 2710 ii
256 2654 348 2722 etiam,
362 2671 431 2728 quos
444 2654 547 2734 alienes
569 2667 629 2711 esse
651 2652 719 2709 Sisti
742 2661 900 2724 argumenta
950 2646 1049 2701 restet
1072 2655 1100 2702 et
1120 2644 1212 2703 tenti
1227 2648 1393 2707 Marcbionis
1417 2649 1529 2707 blond.
1551 2651 1627 2708 etune
1639 2651 1674 2710 de
1692 2656 1766 2714 sin-¹

91 2747 394 2805 maniiestemlecerant
409 2765 416 2804 ε
431 2763 608 2822 quascumque
619 2749 645 2803 in
657 2757 710 2803 tant
722 2747 900 2803 malesuasa
948 2739 1030 2811 dulit·

91 2840 336 2912 patreciniumdici
344 2852 468 2917 potuere,
478 2859 531 2898 tren
542 2842 630 2897 seium
640 2837 897 2910 uibilprelecerent,
1309 2831 1389 2893 ides.

91 2935 140 2990 sed
158 2935 194 2992 ad
216 2935 428 3008 indignationem
454 2937 545 3010 potins
557 2935 768 2993 eastimniarunt
784 2935 899 2990 nonnul·
987 2925 1112 2996 tenetes,
1135 2929 1206 3000 apud
1228 2923 1326 2984 bened.
1351 2927 1482 2985 Fortasse.
1498 2929 1598 2987 Eximit
1617 2941 1645 2990 st
1659 2935 1750 2994 execi-

91 3029 183 3084 ierum
199 3029 316 3099 animm,
336 3046 502 3102 cansamque
523 3031 621 3103 ipsam,
642 3045 702 3102 quae
717 3028 898 3086 imbecillibus
947 3020 1030 3076 lentis
1050 3021 1100 3077 riri
1114 3019 1371 3092 preclarissimiqne
1387 3021 1510 3078 bnatoris
1525 3023 1614 3080 Sancti
1629 3023 1748 3086 Zenonis

90 3121 173 3177 ualde
188 3123 355 3193 argumentis
369 3121 501 3178 seilttlciri
512 3135 545 3177 ao
558 3121 706 3178 sustentari
726 3117 830 3187 debuit,
846 3121 897 3176 lm-
946 3114 1067 3186 episcopi
1096 3111 1262 3170 Veronensis
1296 3127 1453 3170 sermonum
1485 3115 1749 3186 elegantissimorum

90 3215 262 3272 beciiliorem
278 3216 364 3272 multo
386 3215 605 3286 deterioremque
628 3227 701 3279 esse,
726 3229 807 3285 qnam
830 3213 928 3279 antec
946 3211 980 3269 ad
1001 3211 1130 3281 populum
1143 3219 1337 3282 excerptorum
1354 3223 1387 3266 ex
1403 3211 1588 3267 uetustissimo
1610 3214 1748 3272 volumine

91 3307 194 3374 inerat,
211 3305 345 3379 aliquibus
359 3321 532 3380 persuasere.
549 3307 589 3363 nd
603 3306 793 3362 diliienltatum
807 3321 892 3380 porro
946 3305 1059 3360 terune
1071 3304 1106 3358 ab
1119 3302 1243 3359 ,Guarine
1264 3301 1415 3358 Veronensi
1438 3303 1497 3358 rire
1521 3303 1746 3374 eloquentissime

90 3403 235 3458 cumulum
250 3401 301 3460 bae
313 3404 340 3459 in
354 3401 474 3460 editione
488 3401 693 3459 accessitetiam
709 3411 892 3472 tempusque
941 3396 970 3452 iu
982 3394 1113 3467 episcopii
1128 3393 1294 3450 Veronensis
1310 3393 1472 3451 bibliotheca
1488 3405 1610 3468 reperto.
1626 3396 1667 3454 Ad
1680 3403 1746 3472 ,cal-

90 3494 120 3551 S.
133 3495 275 3552 Zenonem
295 3496 422 3553 duruisse
434 3489 554 3554 editores
567 3503 729 3562 statuerent,
746 3493 816 3565 qnod
829 3501 890 3548 eren
942 3504 1021 3545 cern:
1045 3489 1086 3544 tid
1109 3488 1219 3546 laudern
1241 3497 1270 3546 et
1291 3489 1403 3562 gloriam
1417 3505 1531 3548 suntme
1551 3500 1579 3550 et
1600 3493 1746 3552 individuae

92 3586 198 3659 aliquot
214 3601 369 3645 sermonum
384 3584 547 3645 testimoniis
560 3586 718 3643 adversetur
735 3585 889 3654 mattileste,
942 3579 1094 3648 iristitatis,
1105 3587 1133 3638 et
1146 3581 1310 3638 beatissime
1326 3581 1553 3653 Virginisltariae,
1564 3587 1743 3647 etbertorun

92 3696 140 3753 pru
155 3679 284 3738 edenda
298 3681 505 3754 repugnantium
530 3680 687 3738 criticorum
711 3679 819 3750 areimis,
843 3695 891 3736 eos
943 3677 1101 3746 pontiticum
1128 3673 1248 3734 bettonis
1272 3685 1299 3731 et
1322 3673 1435 3734 Caesarii
1454 3680 1613 3736 etornniun
1627 3682 1744 3739 Sancto·

92 3775 117 3829 ia
132 3776 237 3845 unainra
252 3775 363 3832 dissidia
379 3785 555 3831 exacuerunt.
577 3795 586 3830 ι
611 3773 783 3845 Quodsibis
806 3773 889 3832 addas
941 3786 1013 3837 rem,
1030 3785 1171 3828 sermones
1187 3772 1214 3827 in
1233 3773 1285 3828 boe
1299 3769 1435 3829 uolumine
1450 3774 1742 3848 pretiosumque
1809 3809 1812 3816 »

91 3881 264 3938 perversam,
289 3885 369 3940 quam
394 3869 420 3924 itt
444 3868 504 3940 ipso
527 3877 601 3924 textu
623 3868 780 3926 extribuendo
805 3873 890 3927 secuti
926 3863 1008 3920 fatias
1022 3865 1158 3938 impressi,
1173 3864 1353 3921 solertissime
1375 3867 1511 3937 recogniti,
1531 3875 1560 3924 ct
1574 3868 1743 3926 studiosissi-

93 3969 155 4016 sout
177 3961 320 4030 rationem,
341 3976 478 4033 quamque
493 3959 574 4018 iidem
601 3961 750 4031 ballerinii,
774 3977 889 4036 quorum
940 3973 985 4015 me
1000 3973 1048 4030 per
1060 3957 1229 4016 uenerabilem
1240 3958 1347 4015 Putrem
1366 3959 1499 4016 Alterum
1512 3960 1687 4018 Curtclletttrss
1698 3979 1742 4017 er-

94 4053 217 4122 superius
229 4065 337 4125 qnoque
354 4065 397 4110 est
419 4053 564 4126 judicium,
590 4055 693 4112 acriter
713 4065 841 4112 notarunt
855 4073 889 4114 ex
940 4051 1010 4108 dinis
1024 4049 1230 4106 Predierterttm
1244 4053 1362 4120 correcti,
1379 4067 1411 4107 ue
1429 4069 1475 4124 per
1490 4052 1644 4125 ldapbtrtttu
1663 4053 1743 4110 tuce·

93 4157 175 4214 eaque
191 4143 320 4219 deinceps
333 4147 471 4203 Zenonem
487 4145 652 4218 descriptum
668 4147 771 4218 rideas,
787 4151 889 4207 scottica
940 4143 999 4198 ium
1023 4143 1056 4200 de
1081 4143 1168 4202 besso
1191 4146 1314 4216 impertit
1339 4145 1444 4202 Reatini
1466 4145 1600 4202 Benedicti
1621 4147 1742 4204 Fortem

94 4245 199 4307 oportet
212 4251 266 4310 qne
279 4237 340 4310 iure
360 4239 538 4297 neminlante
552 4239 714 4297 ballerinios
740 4242 888 4313 quidquam
945 4235 1057 4292 l'euetiit
1077 4237 1285 4310 diligentissime
1305 4241 1425 4312 lntpressi
1443 4255 1517 4297 anne
1530 4239 1635 4298 bomini
1658 4241 1741 4311 tues,

94 4328 215 4388 debuisse
228 4329 464 4392 affirmaveriums.
481 4334 538 4392 Sub
557 4333 639 4393 daem
656 4335 747 4392 secuti
761 4339 893 4408 preteriti·
939 4330 985 4386 die
999 4330 1035 4386 Ἡ
1046 4333 1162 4401 januarii
1178 4331 1293 4390 feliciter
1305 4333 1465 4405 subiiciunt.

96 4434 163 4476 nora
177 4423 321 4493 parabatur
333 4423 429 4493 editio,
453 4435 541 4483 morte
563 4425 626 4483 dein
639 4429 758 4484 atteteris
771 4429 888 4487 interce·
975 4423 1016 4480 Ex
1038 4423 1151 4494 pleniori
1165 4427 1217 4480 troc
1232 4425 1310 4482 situle
1330 4425 1409 4483 laeiie
1421 4437 1548 4500 apparet,
1568 4441 1709 4500 perperam
1724 4444 1739 4485 a

95 4517 258 4589 pindoque
276 4519 347 4591 apud
363 4519 473 4578 odedum
490 4521 650 4578 {salierintos
666 4523 724 4578 tuaec
739 4523 885 4596 legumus:
939 4515 1031 4571 multis
1046 4515 1108 4570 inde
1120 4517 1199 4572 annis
1210 4515 1245 4572 sd
1260 4517 1431 4593 ballerinios·
1441 4535 1538 4591 nsque,
1554 4521 1600 4592 qui
1622 4523 1739 4592 primum

96 4607 246 4666 tirannum
258 4609 441 4684 spernemus,
456 4611 558 4670 tropei,
581 4611 745 4670 veronensis
769 4615 795 4670 q,
815 4616 888 4672 qu.
901 4612 927 4675 Ι)
939 4607 1012 4664 butte
1024 4621 1144 4664 errorem
1167 4621 1357 4679 correxerunt,
1375 4612 1505 4670 tributum
1529 4627 1590 4670 esse
1613 4615 1740 4671 editionis

96 4701 135 4756 nis
149 4703 300 4776 Graecisque
323 4707 479 4763 auctoribus
493 4708 617 4777 apprime
629 4718 764 4776 versatus,
780 4709 888 4780 politio-
940 4701 1019 4773 turtius
1039 4700 1171 4757 bonorem
1196 4701 1316 4760 Gnatiae
1339 4701 1499 4772 Veronensi,
1523 4706 1569 4778 11ΰί
1592 4709 1740 4779 1111111110

97 4808 206 4868 tumque
219 4797 367 4856 litterarum
382 4813 414 4856 ae
428 4799 592 4857 eruditionis
607 4801 697 4857 culter
710 4801 837 4870 eximius,
852 4803 887 4859 de
939 4793 1031 4850 milii
1046 4808 1081 4849 ἱ*
1104 4797 1275 4867 lii¹⁸80⁸i¹¹¹⁰
1297 4796 1370 4854 diem
1391 4798 1508 4866 (libeliis
1524 4798 1622 4871 cliiii
1636 4800 1739 4856 ⁰⁰45ssss

97 4901 146 4957 qne
155 4891 232 4961 plura
244 4891 337 4964 Scipio
357 4891 481 4950 iiaileins
503 4893 620 4963 prodidit
641 4903 710 4963 part.
728 4907 748 4948 tt
773 4892 887 4949 Verona.
940 4887 1128 4944 tantummode
1157 4888 1306 4946 Zetroninoi
1336 4891 1437 4948 inuenti
1463 4891 1550 4964 gloria
1576 4891 1736 4949 debebatur.

97 4981 251 5053 illustratam
275 4995 418 5058 postquam
442 4987 572 5042 nenrmlia
595 4987 748 5043 lucubravit
781 5001 886 5043 summa
940 4979 1087 5052 dispertita
1102 4991 1142 5036 est
1158 4981 1184 5037 itt
1201 4990 1257 5038 ires
1269 4983 1363 5050 librili,
1379 4999 1493 5054 1111011111
1517 4983 1622 5055 prinus
1635 4999 1741 5042 termo·

98 5088 154 5131 cum
170 5078 255 5147 lande,
271 5089 408 5151 postrema
424 5089 504 5136 aetate
527 5095 623 5136 nevam
646 5079 677 5136 S.
699 5078 816 5135 Zenonis
829 5077 887 5135 cdi.
938 5091 988 5131 nes
1002 5077 1191 5146 complectitur
1207 5077 1252 5142 tt,
1268 5075 1311 5147 qtti
1332 5087 1393 5132 sant
1413 5077 1446 5132 de
1466 5077 1602 5134 uirtutibus
1616 5087 1639 5134 et
1652 5079 1741 5145 uitiis,-

98 5167 192 5225 lienem
216 5170 405 5243 meditabatur,
426 5173 454 5230 in
478 5189 558 5245 quam
584 5172 675 5244 pieres
698 5175 886 5228 aurtotationes
938 5167 1075 5225 secundus
1090 5181 1231 5225 serntettes
1246 5169 1291 5236 et,
1308 5169 1546 5240 quisaetdarebsts
1562 5169 1662 5226 Veteris
1677 5167 1741 5225 Tes-

100 5266 206 5332 pararit.
220 5269 255 5321 dt
268 5276 355 5323 morte
376 5276 531 5338 presentes
553 5281 624 5322 aune
640 5265 720 5332 teet,
743 5279 812 5337 epm
837 5265 886 5320 im·
939 5261 1060 5328 tumenti;
1076 5262 1170 5318 tertius
1183 5276 1324 5318 sermones
1338 5262 1373 5318 5d
1385 5262 1503 5318 derebus
1518 5263 1658 5318 tmuntmti
1670 5261 1739 5328 nont,

100 5357 239 5426 perlectum
252 5359 371 5432 reliquit.
387 5359 550 5417 beroeensis
565 5370 654 5415 antem
670 5359 792 5416 ordinem
805 5373 885 5416 seen·
939 5356 1067 5428 subjectis
1088 5356 1113 5412 iu
1134 5355 1187 5412 line
1206 5355 1323 5412 homiliis
1341 5353 1369 5412 S.
1395 5353 1504 5412 Caesarii
1525 5356 1689 5434 Arelatensis
1713 5363 1742 5410 et

102 5456 150 5515 tes,
173 5455 392 5510 commentarium
408 5451 535 5524 produxit
550 5452 583 5509 ad
598 5453 716 5509 medinm
729 5467 813 5525 nsque
827 5469 886 5509 ser·
941 5449 1003 5506 aliis
1021 5449 1182 5520 qutbtndm
1193 5463 1207 5502 a
1218 5450 1342 5520 genuinis
1354 5458 1442 5505 meren
1454 5447 1570 5504 Zenonis
1581 5445 1741 5502 tractatibus

102 5553 201 5596 monem
214 5543 245 5598 de
257 5544 429 5616 edificatione
448 5541 546 5600 bemus
569 5545 628 5610 Ilei,
645 5554 707 5615 post
730 5560 810 5616 quern
833 5556 888 5603 tres
941 5555 995 5598 non
1006 5542 1139 5598 distinctis
1149 5542 1190 5598 rei
1205 5542 1381 5612 inscriptione
1398 5541 1520 5602 secretis,
1537 5544 1635 5608 preter
1657 5551 1740 5594 nuum
1847 5559 1849 5564 ·

104 5629 143 5685 aiii
157 5648 233 5705 snpra
247 5636 340 5694 decem
357 5651 498 5693 sermones
511 5653 541 5693 ea
563 5639 589 5694 in
611 5639 731 5695 editione
743 5647 889 5708 supersunt
940 5648 1105 5701 sermenem,
1121 5635 1166 5705 qni
1182 5634 1212 5690 S.
1223 5633 1367 5690 Gaudentii
1378 5631 1498 5686 Brisiatri
1510 5644 1608 5686 nornen
1622 5627 1741 5700 praeiere.

106 5721 159 5780 sine
179 5727 231 5784 ulie
252 5731 461 5798 commentarl03
485 5745 564 5805 quem
586 5741 676 5788 tannen
700 5745 820 5803 parasse,
837 5731 889 5788 etsi
1299 5725 1382 5783 1686.

113 5815 253 5897 descriptus
265 5837 320 5883 uon
333 5821 425 5898 luerit,
439 5823 482 5885 ret
497 5823 592 5888 saltem
605 5825 697 5886 animo
715 5824 888 5902 precepisse,
981 5821 1180 5898 Vertumnum
1194 5821 1301 5880 llinen.
1310 5815 1485 5892 nturpntnn.
1501 5815 1586 5874 ln·l⁰.
1599 5817 1747 5880 Sermones
