3950 6317
264 281 315 344 eut
479 341 485 352 ,
937 269 1063 330 aarum
1082 259 1252 332 tcuouts'
1835 276 1870 332 aa

257 397 325 454 lerls
346 409 400 452 non
424 399 513 466 potest
532 392 675 463 deamare.
697 389 769 446 itera
793 390 916 462 prolemo
941 389 1217 458 ussantalulltmn,
1241 397 1289 448 ant
1312 389 1430 448 declinat
1444 407 1451 446 ε
1465 383 1557 446 unnnii
1576 388 1657 458 buna,
1679 396 1871 460 atnocperprln

257 495 300 546 est
320 486 461 546 berneliciia
486 482 608 539 innidere
635 491 751 538 naturae.
775 482 853 538 Alius
877 480 941 536 inda
963 493 1055 537 rerum
1108 483 1260 540 exuberant
1283 483 1394 554 passim.
1415 482 1495 538 Certe
1517 481 1590 552 quod
1612 482 1729 552 primum
1747 487 1796 547 etl,
1815 496 1872 538 nean

262 579 383 636 omnium
392 584 483 648 captat
494 587 638 642 monum,
650 581 800 646 aucupatur
811 572 978 630 diatrabendi
990 581 1058 630 tem·
1108 585 1180 650 epet,
1194 591 1275 634 nemo
1285 576 1397 643 inridet,
1410 588 1493 631 nemo
1502 573 1619 643 tumtur,
1635 587 1717 632 nemu
1733 575 1806 643 rapit,
1816 589 1873 630 aena

262 684 322 742 pua,
337 669 425 724 minor
444 667 474 724 in
497 680 634 734 mensur,
656 665 785 736 majnrln
804 665 910 736 pretio:
932 675 1013 736 repat
1028 679 1058 721 se
1109 668 1263 740 proscribit,
1284 681 1365 726 nemu
1383 667 1499 739 jugulat,
1514 665 1874 723 moriturnernetotanesle

259 757 607 832 mueremnmutsnunn,
623 757 941 831 utrnpetur,ut1upulet
955 776 962 812 ε
976 765 1058 828 atque
1110 761 1186 828 lleea,
1199 773 1295 818 omnes
1315 759 1467 828 uuanlaaer,
1491 773 1587 816 omnes
1609 757 1788 826 immortales,
1806 773 1874 817 unae

145 921 152 934 ,
258 856 360 913 utinam
385 856 540 926 incorrupta
563 855 672 926 speclea
702 854 875 911 venderetur.
903 849 1059 923 ingemiscit
1109 853 1425 926 sunteeaaperaepualer
1442 869 1449 908 ι
1465 852 1538 924 quod
1551 853 1634 910 unius
1648 861 1703 920 eet,
1719 852 1828 909 euriae
1839 863 1874 918 est,

258 961 401 1022 preterea,
414 950 438 1005 ai
450 963 539 1005 annus
550 957 593 1004 cst
605 947 721 1014 sterilis,
738 947 822 1003 multo
834 945 930 1016 magis,
944 943 969 1001 si
982 945 1058 1000 lerti-
1109 946 1181 1018 quod
1201 947 1339 1016 omnium,
1361 945 1541 1018 singulorum.
1567 945 1655 1004 Voltis
1674 947 1761 1011 edre,
1774 961 1826 1017 nae
1839 948 1876 1004 illic

258 1044 385 1101 lisiuerit
398 1061 405 1097 ι
420 1043 486 1110 illic,
497 1041 562 1114 nula
577 1055 671 1114 parum
685 1041 824 1108 distrahit,
840 1040 910 1107 bcic,
925 1039 987 1109 nula
1003 1052 1057 1095 non
1110 1039 1248 1096 beatitudo
1268 1039 1417 1096 rerectnrl
1433 1053 1515 1096 nemo
1528 1049 1606 1096 aram
1620 1047 1737 1106 vestran
1755 1053 1878 1095 maeoseu

257 1138 343 1194 solue.
363 1135 453 1194 Vultis
472 1135 554 1201 scire,
569 1134 680 1206 quantis
701 1135 738 1190 alt
755 1131 876 1190 tenebris
890 1129 1057 1188 obvolutusl
1110 1133 1268 1202 margaritas
1281 1131 1432 1201 abscondit,
1447 1145 1530 1188 neno
1544 1130 1648 1204 lapidet
1670 1131 1878 1203 pessimum

257 1229 384 1286 irascitur
400 1229 469 1295 beo,
481 1229 505 1283 si
524 1241 579 1284 non
602 1240 713 1298 semper
733 1225 781 1282 ilat
801 1225 917 1298 publicis
940 1225 1058 1281 luctibus
1110 1237 1216 1290 aurum,
1231 1235 1312 1282 neruo
1325 1232 1477 1298 arpentum,
1494 1233 1523 1282 et
1542 1233 1633 1281 tamen
1654 1221 1715 1296 (ti)
1729 1224 1878 1280 nullastlnu

256 1320 435 1378 dimensae
453 1321 533 1387 bene,
549 1333 611 1376 cum
624 1320 689 1391 quis
705 1317 803 1390 qnam
823 1331 938 1384 aomar,
955 1316 1060 1373 invenit
1110 1315 1222 1372 lurtum.

257 1411 390 1485 paonm.
935 1447 938 1453 ‚
1347 1423 1679 1501 amacaaausa.

295 1502 328 1558 V.
347 1501 422 1559 iuter
438 1501 497 1559 baec
510 1517 592 1559 nemo
602 1501 759 1559 considerat
776 1500 961 1558 conditionem
979 1499 1059 1572 aap-
1365 1543 1405 1600 De
1429 1543 1469 1618 (Ι)
1488 1541 1603 1600 mrim
1627 1541 1648 1600 n

257 1596 342 1654 litatis
358 1594 499 1663 bamam,
516 1610 599 1652 nemo
619 1596 741 1661 boetem,
758 1609 839 1652 acmo
857 1595 964 1662 dacum,
976 1607 1059 1650 nemo
1653 1584 1660 1597 '

257 1688 404 1756 latronem,
418 1701 501 1745 nemo
513 1685 709 1754 domesticum,
725 1686 771 1758 qul
790 1687 946 1757 cognitione
959 1685 1058 1742 secreti
1147 1682 1168 1738 l.
1179 1681 1297 1738 avaritia
1307 1681 1476 1752 nmmlaette
1483 1681 1606 1752 arguitur
1615 1679 1648 1736 ab
1656 1677 1832 1752 (distantius,
1841 1679 1876 1734 uti

258 1788 302 1836 cst
320 1779 443 1836 omnium
468 1779 556 1851 peior,
585 1793 668 1836 nemo
687 1779 861 1836 imminentes
881 1777 939 1834 diei
960 1777 1056 1850 judicil
1071 1781 1095 1844 n
1108 1787 1171 1832 rum
1195 1773 1281 1845 possit
1300 1783 1355 1830 tam
1376 1771 1456 1828 iaeile
1476 1787 1531 1828 aona
1546 1774 1631 1827 annana·
1648 1789 1656 1826 ι
1671 1771 1794 1828 eueniat
1807 1769 1877 1824 aruba

257 1871 395 1936 dammas,
420 1886 470 1944 per
491 1887 560 1944 quaa
582 1885 679 1928 omnes
700 1872 764 1927 nadi
784 1870 925 1927 transituri
951 1881 1057 1926 aumas.
1109 1867 1232 1926 acdulcc
1247 1867 1400 1933 malumst
1412 1867 1569 1923 bomitubra
1589 1863 1732 1922 uniuersis
1748 1868 1879 1934 ιειιειιε

258 1964 352 2022 Solum
373 1965 485 2032 colitur,
506 1964 541 2022 de
563 1979 617 2036 quo
638 1963 742 2020 dictum
762 1974 805 2019 εει
820 1981 827 2018 z
844 1962 923 2019 ldeir
943 1963 1059 2034 ,entim
1109 1959 1219 2018 festum.
1234 1960 1420 2031 mutierem
1433 1958 1725 2024 babeatibuadiritias,
1739 1955 1879 2012 habenula·

256 2065 392 2129 euperem
402 2066 428 2114 rt
440 2055 765 2129 areopolitanae,
782 2053 857 2110 Peri.
868 2070 983 2121 carran,
999 2055 1056 2124 llil,
1106 2053 1167 2126 jicit
1180 2054 1355 2126 cupiditatem
1372 2052 1556 2111 :habentibus
1571 2052 1613 2126 (ὅ)
1629 2051 1730 2109 adimit
1746 2052 1879 2108 namnum

258 2163 374 2222 monuo
387 2149 449 2219 ouis
462 2160 509 2204 ant
518 2149 666 2220 iugulatur,
682 2158 729 2204 aut
738 2149 854 2220 jugulat.
870 2148 972 2204 vellem
987 2148 1059 2227 scire
1110 2148 1149 2204 lta
1163 2161 1259 2204 omnes
1272 2149 1300 2204 ia
1319 2147 1422 2204 rabiem
1438 2163 1490 2202 aaa
1510 2155 1674 2216 warpestate
1696 2145 1881 2216 pimenium

261 2251 365 2306 umen,
379 2251 454 2298 tanta
467 2241 627 2313 ejusrabiea
640 2241 706 2312 quid
721 2237 937 2314 tolmatisu
949 2240 1059 2308 babent,
1110 2243 1219 2300 ubinam
1232 2243 1270 2300 rit
1292 2241 1390 2314 major,
1413 2242 1534 2313 ignores
1555 2240 1606 2296 Est
1623 2250 1719 2296 autera
1739 2238 1828 2296 abida
1844 2237 1881 2308 lai

259 2334 417 2391 auocultorl
425 2334 488 2405 quid
496 2333 748 2406 praestetlFebrcm
756 2349 809 2389 non
817 2334 976 2404 exstinguit,
985 2348 1059 2388 rttor-
1110 2333 1185 2390 arida
1201 2333 1298 2404 pabula
1312 2333 1479 2405 depascenti,
1496 2348 1557 2405 qure
1581 2334 1633 2388 nisi
1648 2333 1766 2400 liniant,
1780 2347 1825 2386 nun
1842 2331 1882 2384 ini·

259 2427 378 2484 bornen
392 2425 518 2494 discutit,
533 2426 691 2482 uulneribus
716 2439 771 2482 non
792 2423 929 2492 medetur,
949 2425 1059 2480 dolores
1111 2435 1164 2482 tur.
1181 2423 1418 2482 llancmedincres
1437 2421 1576 2482 lmudibaa
1590 2426 1740 2494 excolunt,
1761 2419 1879 2493 ululent

259 2535 313 2577 nors
339 2518 425 2585 tollit,
447 2527 564 2575 nortem
587 2535 641 2575 nna
663 2519 784 2590 repellit.
809 2517 860 2574 uisi
882 2517 955 2589 quud
977 2531 1060 2574 ειιιεε
1111 2517 1281 2588 impotentia,
1295 2516 1402 2588 judices
1413 2517 1511 2589 gutia,
1523 2517 1618 2573 diserti
1636 2518 1802 2576 mercenaria
1813 2531 1840 2570 ac
1849 2515 1882 2570 dc-

258 2612 380 2670 occidit:
402 2627 452 2669 uec
466 2611 645 2668 manducatur
662 2611 808 2683 aliquando
822 2622 907 2677 cente,
921 2598 975 2668 nec
990 2611 1060 2667 bibi·
1111 2611 1175 2684 plici
1190 2612 1297 2684 lingum,
1311 2625 1393 2684 repes
1413 2611 1564 2682 superlna,
1589 2613 1776 2682 negotiatores
1795 2607 1879 2674 aarum,

261 2715 316 2773 tur,
330 2705 451 2780 neu(2d)
463 2705 493 2762 ia
504 2703 610 2762 mlerao
622 2720 684 2762 cum
700 2719 749 2761 suo
755 2703 885 2776 praedone
898 2703 1059 2774 descendet,
1111 2706 1183 2762 inani
1200 2719 1334 2776 pauperes
1345 2713 1419 2769 roto,
1432 2705 1553 2762 caltores
1562 2703 1612 2762 liei
1625 2704 1882 2770 almumalmum

259 2799 346 2855 tolum
359 2797 432 2869 pund
441 2799 537 2854 oculos
550 2797 671 2853 inimices
684 2797 848 2868 inanemque
860 2796 1059 2852 conscientium
1111 2806 1201 2854 autem
1215 2809 1312 2868 pentes
1336 2798 1525 2870 universeque
1539 2798 1663 2854 nationes
1680 2795 1779 2872 gladio.
1795 2795 1838 2852 Per
1853 2809 1882 2848 u·

257 2891 292 2947 ud
305 2892 359 2948 boc
373 2893 399 2947 ln
415 2891 525 2963 maligni
539 2891 656 2962 lulpoms
668 2891 824 2960 cupidinem
837 2891 925 2946 diram
947 2906 996 2962 spe
1012 2905 1060 2962 pe·
1112 2889 1173 2946 bem
1189 2899 1275 2946 totum
1293 2904 1391 2946 nesam
1404 2891 1561 2957 buccinator,
1578 2892 1655 2950 nuria
1669 2906 1704 2948 ac
1717 2889 1795 2950 ratiis
1808 2889 1883 2944 artilu

260 2983 348 3040 tioudi
359 2983 526 3054 praecipitat,
542 2997 577 3039 ne
594 2982 679 3054 pratis
693 2983 774 3038 bomo
792 2983 916 3039 uideatur
942 2984 1058 3039 occisus.
1111 2982 1219 3040 lemene
1234 3000 1241 3040 :
1254 2997 1394 3056 amquam
1409 2985 1511 3056 quieta,
1525 2999 1580 3041 noa
1595 2985 1651 3052 die,
1669 2997 1726 3042 noa
1749 2993 1832 3048 narn,
1844 2995 1880 3036 nar

294 3074 340 3133 Vl.
355 3075 410 3133 sed
424 3090 476 3132 uos
489 3088 543 3131 nou
555 3073 589 3130 ad
608 3089 716 3142 avaros,
731 3076 779 3131 sed
797 3074 832 3132 de
847 3075 937 3132 avaria
953 3091 1059 3132 sermo·
1111 3077 1195 3145 bellu,
1212 3094 1265 3135 nuo
1281 3093 1347 3150 pace
1368 3097 1375 3133 ι
1393 3093 1531 3156 nunquam
1553 3088 1644 3136 satura
1658 3099 1666 3136 :
1680 3080 1812 3136 lucrorum
1823 3091 1881 3132 cnon·

260 3182 322 3224 nem
333 3167 457 3234 fecimus,
470 3168 569 3226 iratres
581 3184 588 3223 :
601 3167 723 3240 alioquin
737 3168 804 3224 solis
815 3168 915 3224 diuinis
927 3161 1096 3238 exmnpliaC
1113 3171 1207 3227 mitale
1221 3173 1354 3228 miserior.
1372 3171 1475 3230 Novum
1488 3171 1655 3232 munimus
1669 3183 1715 3230 eat
1726 3186 1815 3246 psam
1830 3169 1882 3242 euti

259 3271 418 3334 oportuerat
437 3275 577 3334 perorare,
601 3269 677 3320 essct
700 3261 722 3318 si
746 3262 806 3333 nnis
829 3262 889 3319 beic
909 3262 983 3321 talis.
1005 3261 1059 3318 Sed
1112 3265 1301 3321 uetummodn
1315 3267 1429 3333 erescit,
1455 3281 1600 3324 senescere
1623 3269 1745 3339 ignerat.
1761 3267 1814 3324 ileu
1830 3265 1882 3319 ilan

259 3354 321 3424 quia
345 3355 373 3410 in
385 3354 464 3411 tobis
478 3353 545 3410 sides
557 3362 587 3411 et
599 3354 698 3426 pietas,
720 3363 836 3426 quaeest
849 3355 947 3412 idonea
965 3355 1061 3428 capul·
1113 3365 1255 3428 parentum
1271 3357 1356 3428 pietas
1371 3357 1479 3430 trangit,
1496 3359 1677 3417 noudulcedu
1689 3359 1882 3424 lastemnam

260 3445 313 3501 trix
326 3447 457 3512 avaritiae,
473 3455 658 3518 manetatque
672 3446 814 3518 gloriatur,
828 3445 904 3517 digni
919 3445 985 3502 estis
1001 3446 1061 3502 uni·
1112 3449 1262 3521 conjugalia
1286 3449 1410 3515 allectus,
1435 3466 1488 3506 nou
1513 3465 1576 3508 cara
1600 3453 1779 3523 germanitus,
1802 3448 1883 3517 nerlu

259 3542 332 3595 amsi
352 3552 449 3596 aarum
469 3549 665 3612 argentumque
687 3557 743 3598 non
757 3551 812 3598 unu
837 3543 957 3608 babere,
978 3557 1059 3616 quam
1113 3543 1250 3611 amicitie,
1264 3555 1318 3599 aon
1330 3552 1406 3600 tener
1419 3543 1549 3614 punition,
1565 3543 1699 3600 nendum
1721 3541 1883 3608 numanam

260 3644 339 3697 caae;
352 3643 416 3687 nam
428 3641 478 3687 uos
490 3633 558 3688 estis
576 3648 670 3689 aarum
694 3632 786 3690 uiuum
810 3633 871 3702 bei,
891 3632 993 3691 Christi
1012 3649 1061 3692 aas
1113 3633 1267 3690 miseranda
1287 3643 1444 3706 paupertas,
1468 3651 1521 3690 nnn
1543 3634 1593 3692 llei
1616 3635 1811 3707 contemplatio
1825 3643 1883 3686 :ern

261 3734 415 3798 argentum,
425 3739 473 3780 ros
485 3722 604 3797 Spiritus
617 3725 702 3781 sancti
713 3725 826 3788 divitie,
843 3741 902 3794 aas,
917 3727 940 3781 si
953 3736 1060 3783 terrena
1113 3728 1186 3782 enim
1203 3725 1246 3780 bis
1259 3725 1396 3792 erunibus,
1413 3737 1496 3797 prout
1517 3735 1626 3798 potest,
1640 3727 1725 3785 uariis
1744 3727 1838 3782 erutas
1852 3729 1884 3775 2¹11

263 3817 373 3874 ancuila
385 3817 621 3886 conteanpeerilis,
639 3817 718 3886 longe
740 3817 783 3872 bis
806 3817 872 3872 aitae
887 3827 985 3872 venre
1004 3818 1064 3873 tlue·
1114 3818 1305 3884 addictumue
1314 3815 1883 3890 meetsiqoidbabueriat,tautaaaaltrilal

264 3921 370 3965 saurus.
391 3906 475 3964 tobis
495 3923 563 3965 auro
581 3917 739 3965 minstructa
761 3909 873 3964 aetlneria
895 3909 941 3964 illa
967 3911 1063 3966 ciuitas
1113 3909 1161 3966 Cui
1176 3917 1266 3968 alitem
1280 3919 1385 3982 parcat,
1401 3925 1462 3983 quac
1478 3911 1517 3983 (lit
1532 3921 1560 3968 et
1580 3913 1648 3968 muri
1666 3911 1810 3968 monueritis
1821 3903 1885 3964 unul

265 3998 399 4058 dtudnata
411 4007 454 4058 est
468 4021 476 4058 :
490 3999 563 4055 nulla
574 4001 676 4056 initiare
689 3999 843 4057 solennibus
856 4015 932 4056 mora
946 4016 955 4056 z
971 4010 1064 4070 patant
1115 4005 1175 4074 bus,
1191 4005 1273 4062 etiam
1290 4005 1387 4062 iriuolo
1399 4021 1430 4062 uc
1444 4008 1517 4077 turpi
1533 4005 1619 4074 lucro,
1634 4006 1756 4063 festinat.

264 4093 407 4152 duodecim
422 4103 518 4167 portae,
535 4094 686 4151 habitacula
702 4103 853 4165 praeparata
868 4103 931 4150 nunt
946 4093 1061 4160 indulta,
1148 4097 1182 4153 il.
1194 4097 1265 4166 Quid
1280 4098 1363 4168 ipitar
1377 4098 1460 4154 miser
1472 4097 1668 4171 bamo(iilauri
1682 4094 1884 4170 age-mune

266 4186 741 4244 nennositdemonsionesullicilus.
752 4184 842 4242 Certae
853 4187 947 4258 glorie
962 4198 1063 4244 naustrnc
1114 4189 1170 4246 talli
1186 4191 1313 4246 incensus
1328 4205 1397 4245 uana
1409 4189 1571 4262 cupiditate,
1592 4205 1662 4245 vana
1680 4205 1746 4246 cura
1765 4181 1884 4257 torpuerit?

266 4277 380 4352 insigniis
404 4295 448 4335 rcs
469 4281 530 4346 erit,
547 4281 570 4335 si
594 4278 641 4335 uei
664 4278 800 4336 civitatem
824 4272 953 4337 lelicitatc
976 4283 1063 4338 nostri
1115 4274 1884 4356 Quidtalentorumnagnassnuesoeeongerislbuilleit

247 4373 371 4429 numeri
390 4371 534 4428 fecerimus
556 4380 707 4442 angustam.
728 4371 822 4443 ltaque
841 4381 929 4428 estote
947 4374 1062 4429 securi:
1115 4389 1286 4441 remansura,
1302 4377 1413 4447 peruigil
1427 4375 1613 4434 sollicitudine
1625 4391 1716 4446 ειεει,
1735 4391 1785 4432 nec
1796 4373 1838 4430 tibi
1849 4367 1884 4439 itii

267 4465 335 4521 nibil
350 4466 377 4521 in
395 4466 444 4522 illa
456 4465 533 4523 deest
555 4477 697 4537 nmquam,
718 4464 785 4520 nibil
805 4464 840 4520 eb
859 4478 911 4520 anne
931 4474 1065 4522 strarant
1100 4467 1178 4524 inde
1190 4467 1293 4538 aliquid
1314 4469 1501 4536 concedendo,
1526 4469 1628 4526 illibata
1649 4468 1884 4533 custudistlnsupu

267 4647 421 4703 detrimenti
432 4649 538 4716 capiant
558 4649 583 4701 in
604 4645 722 4717 praediis,
738 4646 780 4701 vel
793 4660 826 4702 ea
839 4660 938 4716 augere
952 4647 1059 4716 cupien·
1073 4649 1101 4712 Ι)
1113 4646 1148 4702 ab
1171 4658 1282 4704 tumore
1307 4651 1446 4720 scriptam·
1467 4651 1549 4709 luisse
1572 4665 1635 4724 post
1652 4669 1702 4709 an.
1727 4652 1797 4722 378,
1824 4647 1883 4704 latio

269 4729 325 4782 tes,
340 4719 397 4774 sias
411 4720 535 4773 omnibus
557 4726 679 4788 patentes
699 4725 851 4785 occupant,
877 4718 918 4771 vel
932 4718 1062 4773 claudunt
1113 4717 1286 4790 probavimur
1298 4719 1410 4778 dissert.
1428 4739 1448 4788 a,
1463 4738 1523 4793 cap.
1540 4723 1558 4778 2
1574 4767 1580 4791 ,
1594 4723 1608 4808 ᾗ
1623 4725 1649 4779 7.

267 4790 387 4859 sepibus,
400 4806 434 4845 ex
446 4803 499 4858 quo
517 4787 557 4852 lit,
571 4805 606 4842 nc
617 4789 680 4857 quis
693 4787 774 4842 ltoruo
788 4788 887 4843 herbas
898 4797 1000 4859 tangat,
1018 4789 1061 4845 vel
1161 4791 1189 4861 dl
1202 4792 1265 4847 lise.
1287 4791 1394 4862 Pomp,
1411 4791 1520 4858 Urbins,
1536 4795 1696 4851 ieiunantibus.

267 4860 456 4930 aylnasadeal,
477 4874 525 4914 seu
540 4858 621 4915 eniam
643 4873 677 4912 nc
699 4873 782 4925 alpinas
797 4859 823 4912 iu
840 4860 948 4927 prmdiis
970 4871 1062 4916 scatu-
1161 4862 1189 4928 ὅ)
1204 4862 1267 4917 llas.
1285 4862 1380 4932 Pomp.
1396 4867 1538 4932 posteriori
1553 4883 1633 4923 marna
1647 4868 1741 4924 insert
1754 4881 1812 4922 noa.

265 4931 366 4987 ticmes
389 4930 515 5001 attingam
542 4929 613 5000 alind
638 4927 800 4983 animalibus
827 4929 894 4998 ipsis
917 4931 1062 5001 probibere
1148 4931 1189 5015 (l)
1205 4933 1276 4987 lidit.
1293 4933 1372 4994 lien..
1388 4946 1416 4990 et
1430 4935 1490 4992 Ver.
1506 4952 1567 4992 cum
1583 4953 1649 4993 mss.
1662 4939 1803 5009 plerisque,
1816 4935 1881 4998 inne

267 5013 523 5154 Wfflzsieamlst‘rferno
549 5087 597 5140 pru
618 5071 645 5125 iu
657 5071 789 5154 inferitum
810 5069 871 5125 aliis
889 5073 1061 5140 antiquorum
1113 5003 1881 5154 ξῗιέιῗειὺιίιῗιρειξῗειιιιῆοᾘίἓιιᾝῑιειίἳιιιιῗῐιῖιῖθψῗὲιι51ῗέεεῖ

265 5146 358 5212 probae
368 5141 1057 5214 antescriptnrnnnexempltsconlrrmablturadnot.
1116 5142 1163 5198 lnb.
1177 5161 1205 5208 n,
1217 5160 1277 5216 cup.
1293 5146 1340 5214 ιι,
1362 5155 1391 5203 ει
1407 5148 1444 5203 ila
1465 5151 1535 5218 apud
1556 5147 1712 5208 Cornelium
1726 5153 1753 5206 iu
1765 5144 1880 5221 Lysandfl

265 5213 494 5280 7,tntraet.xm,
511 5212 602 5268 liber.
680 5241 684 5247 ⁴
1112 5215 1593 5293 trumbimputearproprmpotente.

299 5283 358 5358 (at)
376 5284 439 5337 lias.
453 5283 543 5349 ilem,
558 5283 677 5350 Toleni,
692 5280 767 5348 Vnt..
790 5282 897 5348 Urbim,
920 5281 988 5337 ullus
1008 5299 1060 5340 nott
1148 5286 1189 5359 (ὅ)
1212 5287 1344 5344 Noluntur
1361 5291 1422 5344 beic
1436 5291 1478 5347 uel
1489 5292 1662 5362 gladiatores,
1679 5294 1724 5363 nui
1738 5293 1771 5350 ab
1789 5291 1875 5344 tuum

264 5358 335 5412 timet
350 5358 463 5426 {emaum
477 5366 529 5409 ms.
547 5353 655 5426 Pomp,
676 5354 762 5411 rnrtilur
782 5372 833 5410 non
855 5356 924 5409 timet
939 5365 1058 5424 pesulan·
1110 5361 1189 5414 morti
1205 5374 1234 5413 se
1258 5375 1288 5414 sc
1300 5361 1439 5429 objiciunt,
1457 5363 1498 5418 vel
1522 5365 1570 5428 illi,
1588 5366 1632 5434 qui
1652 5365 1746 5420 eadem
1758 5363 1875 5420 lenense

263 5431 412 5483 nlni‘tamen
423 5437 507 5480 maun
523 5426 663 5493 posteriori
677 5425 764 5482 deleta
782 5435 824 5482 cst
862 5425 974 5481 articula
994 5443 1055 5482 non.
1109 5431 1795 5492 maricamnitaediscnimiuesesecomntittuut.·

263 5499 335 5554 Edit.
351 5495 433 5565 Vera,
457 5497 544 5580 nullut
566 5513 617 5550 nonu
640 5497 709 5580 tinniet
722 5500 830 5568 [urium.
844 5441 959 5566 galgata
974 5497 1055 5554 lectio
1144 5499 1184 5572 (6)
1201 5499 1356 5571 lamundum
1370 5503 1478 5559 videtur
1492 5507 1563 5560 omui
1577 5509 1691 5578 arpennes·
1751 5493 1877 5560 multila

261 5569 403 5626 sentcntiae
415 5581 501 5640 magis
515 5577 634 5637 congrua
648 5581 704 5622 ursa
715 5575 766 5622 est.
1105 5570 1171 5626 edit.
1180 5571 1247 5625 lien.
1262 5583 1288 5626 et
1299 5589 1350 5627 tuas.
1365 5573 1458 5642 l‘nmp.
1468 5591 1609 5646 perperam
1620 5588 1687 5631 mern
1709 5595 1733 5633 e.
1750 5574 1822 5631 rano
1834 5573 1879 5638 pust

296 5637 456 5696 Tancrarus
471 5637 589 5763 ΧἻΙ)
602 5636 745 5706 inscriptio
759 5637 823 5694 edit.
837 5637 905 5694 ven.
919 5637 1048 5695 estiumc:
1104 5649 1187 5696 strues
1208 5645 1323 5715 consperia
1348 5645 1505 5712 scripsimus
1528 5663 1561 5704 ex
1584 5663 1635 5702 ms.
1658 5647 1734 5704 ilem.
1752 5645 1780 5701 ln
1794 5635 1878 5699 catelii

263 5709 302 5765 ee
317 5711 436 5765 'domitio
458 5710 550 5764 insaliri
568 5710 659 5774 ilitote,
676 5717 700 5763 et
712 5709 744 5762 de
767 5709 902 5764 mulierum
919 5709 1049 5780 superfluo
1102 5722 1248 5768 currisset
1263 5711 1438 5770 editisstruis
1453 5719 1593 5788 conperta.
1609 5717 1676 5776 Dein
1694 5735 1741 5792 pro
1756 5731 1820 5772 ιιιιι
1840 5721 1878 5764 mt-

261 5782 344 5858 crire,
352 5781 535 5838 cimeliorum
549 5786 704 5851 ιιιιιιιιιριιι.
713 5779 790 5836 illinc
801 5788 891 5838 tutum
906 5789 1048 5837 tractatum
1103 5779 1169 5840 urb.
1186 5797 1283 5850 ιιιιιιιι,
1298 5783 1360 5842 Vnt.
1379 5795 1511 5844 cenatur.
