3950 6317
58 249 106 308 53
524 247 641 310 GESTA
660 243 886 308 coltarlotlls
904 241 1217 307 mnrbtctrtffllsts.
1625 252 1696 316 leit

57 366 176 434 nribus,
188 365 216 424 id
229 366 300 454 qpod
313 373 406 438 postea
416 375 559 438 exceptum
574 375 631 434 ost,
645 365 758 439 signatis
769 379 841 421 nunc
854 381 882 444 Α
894 363 1077 432 venientibus,
1090 366 1166 422 locus
1177 363 1336 424 considendi
1351 379 1477 426 essenon
1488 376 1605 442 poterat.
1615 374 1694 434 Unde

57 457 140 514 ruiis
154 459 276 516 crastino
288 459 467 516 describetur.
486 457 518 513 lit
530 459 585 513 alia
598 476 686 513 uranu.
702 459 835 514 Eduntur.
894 457 956 526 quia
973 475 1045 516 nnnc
1060 459 1186 517 dellrritas
1206 461 1286 518 rideo
1305 465 1465 521 conuenisse
1479 482 1629 540 personas,
1645 471 1693 527 de·

57 564 100 604 ειη
116 551 175 606 alie
185 567 277 608 marre.
299 549 407 608 Hilarus
420 559 448 608 et
461 551 591 607 Martialis
604 560 765 624 exceptores
780 551 839 608 edi·
894 561 992 618 precor
1010 561 1040 606 ut
1054 553 1098 608 rel
1112 568 1184 610 nunc
1198 555 1293 613 sedere
1303 555 1460 629 dignemini.

57 657 141 700 nus,
928 643 955 698 i.
972 641 1119 702 Petilianus
1132 650 1267 722 episcopus
1282 651 1358 707 crau.
1383 652 1507 711 Patrilrus
1528 659 1628 715 nostris
1643 658 1691 716 alu-

172 733 327 810 Eapliciunt
339 735 417 796 Gesta
430 735 522 812 prima
535 737 699 812 cogrriciouir.
892 737 1014 795 semibus
1026 755 1080 795 nou
1092 742 1229 813 sedemus,
1245 747 1364 803 maxime
1376 763 1438 804 cum
1450 749 1511 822 lege
1524 752 1616 809 divina
1629 769 1692 810 con-

114 895 203 968 seo
226 893 539 1046 rrcrrrcoorgmqqqqg
574 895 746 955 sucurre
891 832 1691 1017 iiii.liiiiiiulidllil-'iliiiililli

890 1030 1035 1089 episcopos
1045 1022 1201 1090 recognovi.

57 1101 84 1157 F
87 1103 181 1160 lacius
193 1103 361 1160 Marcellinus
371 1103 411 1159 uir
421 1102 580 1159 clarissirrrus
596 1112 620 1159 et
630 1103 779 1174 spectabilis
790 1105 838 1159 tri·
926 1109 954 1166 5.
973 1109 1143 1168 Marcellinus
1162 1114 1200 1168 uir
1218 1115 1377 1174 clarissimus
1390 1107 1507 1178 tribunus
1530 1136 1553 1180 et
1574 1130 1690 1182 notarius

57 1215 112 1254 uus
125 1209 151 1254 et
163 1199 278 1254 scutarius
290 1195 365 1252 dicit.
378 1195 504 1254 Ornuiurn
515 1197 680 1252 conscientia
691 1196 835 1264 retinetur,
889 1201 965 1257 dicit.
981 1204 1009 1260 si
1023 1204 1182 1276 petitionem
1193 1224 1280 1265 meam
1294 1212 1422 1269 sanctitas
1434 1228 1523 1270 restra
1535 1218 1628 1274 audire
1642 1237 1691 1278 ue·

63 1305 115 1346 me
132 1289 236 1345 dudum
247 1289 337 1346 edicto
357 1287 497 1360 proposito
512 1287 597 1344 luisse
618 1287 791 1358 pollicitum,
808 1299 835 1344 ut
888 1293 993 1365 glexit,
1009 1307 1039 1352 ut
1049 1299 1192 1357 considere
1204 1300 1371 1374 dignaretur,
1388 1306 1439 1359 lroc
1455 1307 1522 1364 rrrilri
1534 1314 1688 1382 extorqueri

57 1381 165 1453 id‘lnid
186 1381 258 1438 lilii?
273 1380 413 1452 ”illusque
429 1379 514 1451 lifiiss
528 1379 673 1452 ⁰Ml⁵i⁰li⁰⁸
689 1391 833 1451 ageretur,
890 1401 945 1442 non
964 1391 1081 1459 poterit,
1101 1392 1247 1462 quominus
1269 1395 1368 1451 stando
1387 1413 1559 1469 cognoscam.
1576 1401 1690 1475 Curiique

57 1475 148 1532 triade
171 1475 200 1532 in
224 1473 358 1546 pubiicum
372 1473 496 1529 notitiam
512 1473 678 1558 perveniret.
701 1472 780 1532 Unde
803 1489 834 1531 ea
889 1481 1005 1556 episcopi
1026 1485 1150 1540 catholici
1168 1488 1358 1558 srrrreaissent,
1383 1501 1565 1561 munerasse
1588 1498 1688 1570 iudicis

57 1591 84 1630 a·
102 1573 219 1629 interim
236 1582 312 1645 gesta
334 1580 414 1639 sunt,
438 1569 574 1627 sanctitati
589 1576 687 1626 restrae
702 1570 834 1626 denrons·
887 1573 1048 1644 sufferretur,
1062 1577 1180 1649 ejusdem
1188 1581 1288 1653 judicis
1296 1583 1425 1654 jussione,
1439 1595 1463 1640 et
1477 1584 1513 1642 [t.
1529 1585 1568 1641 Ν.
1583 1589 1623 1642 pir
1633 1591 1689 1644 erp.

57 1685 100 1726 rre
114 1669 228 1735 curari,
243 1674 378 1740 quatenus
391 1661 475 1719 lrabiti
487 1673 589 1733 partem
601 1661 742 1717 eonllictus
753 1660 834 1718 etiam
886 1667 1004 1722 rissimus
1019 1676 1044 1723 et
1057 1671 1205 1741 spectabilis
1219 1671 1388 1730 Marcelline,
1402 1676 1519 1734 gripum
1529 1692 1554 1735 ,p
1571 1683 1690 1740 nomn-u,

57 1764 117 1820 ulis
128 1759 271 1834 judicetis.
287 1758 321 1814 Et
333 1759 387 1814 alia
401 1771 489 1812 uranu.
503 1754 687 1826 Proponatur.
851 1758 1006 1845 Busirim,

58 1861 89 1916 l.
109 1857 177 1914 Post
203 1855 365 1912 consulatum
392 1851 504 1908 Maronis
527 1849 576 1904 uiri
599 1847 740 1903 clarissimi
763 1847 837 1903 lertio
925 1851 951 1908 6.
969 1850 1116 1910 Petilianrs
1130 1855 1502 1932 episcopusdieir,sppjpppm
1515 1864 1562 1932 sp,
1576 1864 1689 1925 qocpuae

60 1969 113 2008 nas
127 1947 225 2006 lunias
240 1950 267 2004 irr
283 1945 418 2004 secretario
435 1941 606 1997 Thermarum
621 1937 836 2012 Garpiliartarum
889 1943 1035 2001 uoluntaria
1057 1960 1138 2015 csse,
1154 1963 1208 2003 non
1224 1958 1337 2006 nostrae.
1353 1950 1387 2006 Et
1401 1954 1455 2008 alia
1468 1972 1557 2012 manu.
1574 1957 1688 2016 Petilia.

57 2039 198 2116 rrtbaqini,
213 2035 374 2094 adstantibus
388 2031 552 2090 Sebastiano.
568 2027 729 2084 Maximiano
744 2036 768 2082 el
784 2024 836 2081 Pe·
887 2053 939 2094 pus
954 2039 1098 2111 episcopus
1112 2046 1267 2112 recognovi.

57 2151 87 2202 s,
103 2133 168 2188 airis
187 2127 354 2186 devotissimis
371 2121 554 2194 protectoribus
566 2119 731 2185 donresticis,
750 2117 835 2184 ttrre,
885 2129 887 2132 ·
923 2127 952 2186 7,
968 2127 1138 2187 ppamppm
1155 2134 1194 2188 „pr
1213 2136 1373 2193 ,mmmm
1394 2140 1511 2196 mmm
1528 2151 1553 2197 a
1570 2146 1687 2202 notarim

57 2231 157 2283 strenia
171 2233 195 2280 et
207 2222 301 2279 Eiboso
311 2217 468 2284 ducenariis,
481 2216 526 2273 sed
537 2225 562 2271 et
575 2214 715 2284 Borrip'acio
729 2222 754 2269 et
769 2211 836 2267 an·
887 2220 963 2277 clepit.
987 2222 1069 2279 Decet
1093 2239 1137 2280 me
1156 2226 1233 2285 rolris
1254 2229 1388 2284 stantibus
1410 2231 1512 2289 trabere
1533 2234 1687 2308 hujusmodi

57 2339 66 2374 ι
81 2317 278 2394 apparitoribus
295 2313 438 2370 illustrium
451 2319 527 2381 etque
539 2307 706 2363 eminentium
719 2313 834 2376 potesta·
887 2313 1153 2387 p01p1112oe1„‚quae
1171 2317 1205 2373 ,d
1221 2322 1401 2378 reverentiam
1420 2333 1553 2381 'amorum
1569 2330 1689 2400 perum

57 2405 195 2484 nr,Fileto
205 2409 355 2482 apparitore
367 2406 477 2462 illustris
487 2404 614 2481 comitisa
624 2402 703 2468 sedis,
718 2401 836 2456 Eaitiosa
886 2407 1070 2463 sacerdotum.
1093 2405 1240 2464 Petilianus
1264 2413 1401 2485 episcopus
1426 2415 1501 2471 dicit.
1530 2419 1687 2480 liopertum

57 2510 151 2584 iurare
166 2501 359 2572 Comicularli,
374 2499 508 2568 Possidio,
525 2497 705 2569 Quodurrllcleo
718 2507 741 2553 et
757 2496 837 2552 Colo·
886 2497 996 2556 leceris.
1023 2499 1059 2555 Et
1080 2501 1134 2556 alla
1147 2519 1237 2558 manu.
1265 2503 1413 2564 Petiliarrus
1436 2511 1581 2582 episcopus
1610 2532 1687 2574 γεω.

57 2622 96 2671 ro,
112 2601 279 2678 adjutoribus
290 2596 533 2656 commentariorum
545 2593 621 2667 officii
634 2591 742 2648 Domini
753 2593 835 2648 narni
885 2591 976 2662 gnari.

57 2697 236 2756 delarissirrri
256 2704 281 2752 el
302 2692 447 2766 spectabilis
463 2687 640 2760 proconsulis,
662 2685 774 2759 Nauigia
787 2685 835 2741 cd·
921 2683 949 2741 8.
965 2683 1098 2742 Martialis
1124 2697 1244 2758 exceptor
1269 2690 1345 2745 dicit.
1370 2690 1528 2764 eujusmodi
1552 2699 1686 2756 „pappam

57 2801 115 2847 tore
126 2803 295 2846 trummacum
310 2783 415 2840 Domini
426 2781 507 2838 nostri
520 2779 567 2834 uiri
578 2777 714 2835 clarissimi
724 2787 749 2833 et
759 2793 832 2852 spec·
885 2778 1009 2852 episcopi
1021 2781 1151 2838 hesterno
1170 2784 1305 2840 nobilitati
1320 2796 1372 2842 rouo
1387 2788 1551 2861 obtulerint,
1571 2793 1641 2848 lrsnc
1657 2795 1684 2851 in

57 2885 115 2943 iilis
128 2883 242 2950 sicarii,
261 2879 376 2950 Mampio
396 2877 482 2933 scriba
495 2874 571 2946 opicii
583 2873 632 2929 uiri
645 2872 782 2928 clarissimi
796 2871 832 2927 le-
885 2874 1011 2931 manibus
1025 2875 1159 2933 babemus
1180 2878 1224 2932 :si
1241 2878 1365 2950 precipit
1387 2880 1515 2937 nobilitas
1532 2893 1576 2942 tua
1590 2928 1597 2952 ,
1613 2888 1685 2942 reci·

60 2979 80 3034 ti
94 2980 178 3034 almae
188 2973 363 3043 Cartbepinis,
374 2969 518 3042 llufirriarro
532 2965 617 3022 scriba
631 2965 681 3020 oiri
694 2963 835 3021 clarissimi
886 2973 982 3023 tamus.

58 3057 635 3137 ratorescelsaCartbapinis,recipientibus
648 3059 725 3114 etiam
738 3055 833 3113 Hilaro
867 3139 870 3144 Ι
920 3059 948 3118 9.
975 3059 1144 3119 Marcellinus
1159 3064 1198 3118 nir
1216 3065 1373 3122 clarissimus
1394 3068 1512 3125 tribunus
1526 3081 1552 3128 et
1569 3067 1686 3134 notarius

60 3165 228 3222 Proetentalo
238 3158 415 3234 acceptoribus
429 3153 535 3210 Domini
546 3151 627 3208 nestri
638 3151 685 3206 uiri
695 3147 868 3240 clarissimic
885 3154 961 3210 dicit.
978 3155 1018 3212 lle
1032 3157 1097 3224 quid
1118 3157 1236 3214 celatum
1259 3161 1328 3230 parti
1351 3161 1429 3219 alteri
1454 3165 1594 3236 rideatur,
1615 3174 1686 3227 reci.

73 3255 226 3331 spectabilis
251 3251 431 3328 proconsulis,
457 3246 540 3302 Fabio
566 3253 701 3314 exceptore
725 3241 832 3296 flamini
886 3256 968 3304 rerup,
1372 3277 1375 3282 .

59 3354 108 3409 stri
122 3350 173 3407 riri
189 3347 327 3405 clarissimi
347 3353 371 3401 et
386 3341 535 3413 spectabilis
548 3339 657 3404 uicem,
674 3346 698 3394 et
719 3335 831 3392 Romulo
922 3338 966 3396 lll.
984 3339 1130 3397 Petiliouns
1144 3343 1369 3414 episcopusdixit.
1385 3343 1536 3420 Episcopos
1550 3363 1599 3408 nos
1613 3355 1681 3411 reri·

57 3457 164 3520 captore
177 3444 227 3500 uiri
241 3439 379 3498 clarissimi
389 3437 467 3512 legati
480 3437 556 3493 alma
567 3433 750 3508 Carthaginis,
762 3432 832 3487 esci-
884 3432 947 3491 talis
965 3433 1066 3491 Cbristi
1093 3436 1199 3492 bomini
1228 3439 1331 3504 nostri,
1348 3449 1374 3496 et
1397 3441 1530 3513 dicimus,
1558 3455 1586 3503 el
1611 3466 1683 3522 serpe

57 3540 159 3597 entibus
174 3551 275 3611 quoque
287 3532 416 3590 ianuario
439 3539 464 3588 et
483 3528 568 3585 Vitale
581 3527 688 3582 notariis
710 3523 831 3580 Ecclesia
882 3526 952 3580 actis
977 3525 1094 3596 publicis
1116 3527 1291 3584 dictumest.
1316 3530 1449 3588 Donatum
1473 3545 1564 3593 nutem
1580 3552 1682 3599 sanctae

57 3636 176 3703 tbolicoe,
190 3622 593 3689 VictoreelCresconionotariis
608 3619 728 3676 Ecclesia
741 3615 830 3672 Eoum
882 3620 1039 3689 momoriae,
1068 3621 1233 3695 martyrialis
1255 3621 1350 3694 gloria
1370 3627 1458 3683 uirum
1484 3645 1680 3702 praecessorem

58 3723 167 3797 tarum,
194 3724 305 3781 Lilaeus
330 3719 485 3777 ducenarius
508 3714 648 3772 illustrium
672 3719 828 3783 potestatum
882 3712 1134 3783 scilicetnostrunr,
1158 3725 1348 3772 ornamentum
1366 3719 1493 3776 Ecclesiae
1515 3724 1595 3782 istius
1615 3729 1681 3786 riri·

57 3825 90 3879 sit
105 3841 115 3880 :
131 3818 267 3892 Quoniam
282 3817 309 3874 in
325 3813 487 3872 hodiernum
501 3809 573 3868 diem
587 3804 828 3878 comperendinata
882 3805 959 3872 tatis,
974 3806 1035 3863 loco
1048 3822 1097 3863 suo
1113 3806 1263 3880 meritoque
1274 3822 1445 3868 veneramur.
1470 3811 1505 3869 Et
1517 3818 1570 3873 alia
1590 3835 1677 3879 uranu.

57 3915 153 3988 gnirio
178 3919 238 3979 est,
262 3919 292 3968 et
309 3913 460 3981 praesentes
487 3912 549 3960 sunt
573 3899 714 3971 utriusque
743 3897 829 3968 partis
881 3897 1031 3954 Petilianus
1044 3899 1188 3970 episcopos
1200 3902 1357 3973 recognovi.

58 4005 149 4077 iscopi
161 4047 169 4074 ,
181 4004 204 4061 si
215 4001 293 4075 iubet
304 3999 455 4058 sublimitas
472 4007 527 4064 tua,
549 3993 774 4053 intromittentur.
916 3994 961 4050 tt.
987 3993 1124 4050 Possidius
1142 3993 1276 4069 episcopus
1292 3994 1417 4053 Ecclesia
1442 3999 1576 4059 catlrolicar
1602 4007 1679 4063 utimr.

58 4099 86 4153 2.
103 4096 219 4154 Flauius
239 4091 410 4152 Marcellinus
432 4093 471 4146 sir
494 4089 655 4145 clarissimus
675 4084 791 4142 sumnus
804 4091 828 4139 et
882 4087 1034 4159 Episcopus
1046 4088 1170 4145 recitatis
1186 4087 1302 4158 probare
1324 4102 1393 4159 opus
1414 4103 1472 4160 est,
1491 4109 1545 4151 non
1562 4097 1677 4168 jactare,

57 4189 235 4266 mmusdirit.
252 4185 378 4243 leniant.
394 4183 427 4239 Et
441 4181 565 4256 inpressis
577 4179 696 4248 Aurelio,
712 4177 826 4250 lippia,
879 4177 915 4234 Et
928 4179 981 4234 alia
993 4195 1082 4235 manu.
1099 4179 1262 4251 Recognori.

57 4287 182 4360 prrstino,
203 4279 346 4345 Vincentio,
363 4276 518 4343 Fortunato,
534 4273 741 4338 Fortunatiano,
758 4269 827 4326 Pos-
917 4272 961 4328 ts.
977 4270 1494 4333 Marcellinusnirclorissimrrstrilrunus
1514 4289 1539 4336 et
1562 4287 1679 4344 sperarim

57 4384 112 4452 lio,
130 4379 254 4447 Nouato,
270 4373 405 4432 Florentia
419 4415 426 4442 ‚
442 4371 589 4428 Maurentio
601 4409 609 4438 ,
623 4361 735 4432 Prisco,
750 4363 828 4420 Sere-
880 4363 957 4420 diruit.
972 4363 1156 4436 litteramque
1171 4366 1287 4434 partium
1300 4372 1507 4436 prosecutiones
1519 4388 1597 4445 gesta
1611 4385 1678 4437 reti·

57 4497 112 4544 uro,
127 4473 278 4548 Bonisacio,
292 4471 428 4537 Seilinda,
444 4467 579 4534 beureria,
596 4464 692 4529 Leone
705 4461 825 4527 Asteria,
879 4457 994 4512 nebunt.
1009 4454 1045 4510 Et
1060 4457 1167 4527 adjecit.
1183 4457 1262 4523 Quod
1281 4472 1447 4531 praeceptum
1461 4474 1518 4533 est,
1536 4469 1678 4531 recinatur,

58 4572 190 4629 llcstiluto
203 4611 211 4636 ,
224 4566 351 4641 episcopis
377 4563 500 4620 Ecclesia
521 4557 676 4626 carbolica;
701 4555 865 4640 irrprcsslsD
880 4545 1013 4603 Martialis
1026 4557 1147 4618 exceptor
1158 4547 1284 4603 recimrtr.
1296 4549 1363 4606 Post
1378 4555 1547 4613 consulatum
1563 4561 1678 4623 varani,

57 4683 99 4720 cnr
119 4679 155 4721 aa
170 4663 222 4718 olio
236 4661 328 4729 latere,
347 4657 497 4722 Priaricno,
516 4651 647 4710 Petiliana
660 4690 668 4717 ,
685 4647 801 4705 Emerita
815 4689 823 4715 ,
878 4639 930 4696 viri
942 4638 1087 4695 clarissimi
1100 4645 1198 4710 quarto
1209 4639 1391 4709 nouaslunii,
1408 4643 1502 4704 llario
1515 4650 1676 4715 Marcellino

57 4760 164 4826 ‘otasio,
185 4754 324 4821 Montana,
341 4751 506 4816 Gaudentio,
524 4745 675 4810 Adeadcto,
697 4739 824 4816 episcopie
880 4733 941 4789 rtro
955 4731 1107 4789 clarissimo
1120 4731 1299 4802 etspectabili
1316 4734 1425 4792 tribano
1437 4747 1465 4795 et
1482 4748 1601 4818 notario,
1618 4751 1676 4808 Pri-

57 4853 102 4908 rtis
117 4849 231 4916 Donati,
248 4844 417 4904 Marcellinus
430 4843 469 4898 cir
490 4839 650 4897 clarissimus
670 4834 786 4892 tribunus
801 4841 825 4888 et
878 4826 996 4890 uisurus,
1009 4823 1169 4890 Petiliauos,
1186 4823 1341 4895 Emeritos,
1356 4828 1506 4901 Procerum,
1520 4835 1673 4915 pomanus,

57 4949 140 5001 tanus
155 4943 220 4998 dicit
236 4959 246 4998 :
878 4919 1062 4982 Gaudentius,
1079 4917 1255 4987 Adeodatus,
1276 4921 1438 4993 episcopi'et
1450 4925 1609 4990 defensores
1624 4938 1685 4997 130,-
1712 4957 1717 4960 .

57 5038 83 5093 5.
102 5036 138 5093 Ει
148 5035 289 5105 superiore
304 5031 407 5104 judicio
421 5043 495 5100 sepe
517 5041 560 5082 rne
576 5023 708 5081 obtulisse
722 5019 822 5078 certis·
879 5015 971 5074 clesle
982 5014 1115 5080 veritatis,
1128 5027 1176 5084 per
1190 5007 1324 5071 notariam
1340 5015 1399 5073 brec
1412 5018 1508 5078 dicunt
1521 5041 1529 5080 :
1542 5026 1674 5091 llesternn

57 5145 122 5186 num
143 5135 204 5194 est,
226 5135 253 5184 et
268 5139 339 5182 nunc
351 5122 485 5194 deprecor
497 5129 527 5176 ut
541 5117 639 5177 sedere
659 5112 820 5186 dignemini.
874 5110 919 5169 die
934 5109 990 5166 kal.
1006 5105 1079 5165 lunii
1094 5109 1166 5164 inter
1180 5124 1230 5166 nos
1243 5118 1272 5166 et
1284 5109 1458 5172 adversarios
1472 5129 1582 5181 nostrus
1595 5143 1674 5198 spec.

58 5214 136 5297 'mque
162 5219 285 5278 cellrolici
306 5217 421 5290 episcopi
450 5213 638 5277 consedissent,
675 5207 823 5264 Petilianes
876 5201 999 5260 labilitas
1014 5208 1060 5256 tua
1073 5199 1288 5274 audirediguata
1302 5212 1355 5260 est.
1372 5206 1405 5261 Et
1419 5211 1547 5278 quoniam
1563 5220 1674 5279 erutum

57 5319 160 5390 iscapus
172 5317 247 5373 dicit.
262 5313 338 5384 erod
352 5313 443 5384 priore
453 5308 558 5394 judicio
574 5305 673 5362 iactum
690 5317 744 5358 non
759 5309 821 5370 est,
874 5311 946 5370 pene
965 5293 1010 5350 die
1028 5291 1150 5364 partibus
1172 5295 1329 5365 patientiam
1342 5299 1493 5370 prabum,
1516 5303 1672 5385 aliquanta,

57 5425 178 5470 serenan
193 5405 336 5464 nudemus.
360 5404 394 5460 Et
418 5404 472 5458 alia
485 5417 576 5457 manu.
598 5397 746 5455 Petilianus
764 5395 822 5464 epi·
874 5403 935 5462 quae
955 5387 1088 5459 principia
1102 5387 1203 5458 negotii
1222 5386 1347 5456 lucrant,
1367 5389 1463 5446 audire
1482 5393 1608 5465 dignatus
1625 5424 1674 5478 ος,

57 5521 120 5578 rpus
133 5499 469 5575 recognorl.ltarcettiuus
482 5495 688 5552 circlamsintus
703 5491 822 5547 tribunus
874 5497 998 5557 opusque
1011 5491 1053 5539 est
1072 5481 1105 5536 ad
1124 5494 1251 5548 causam,
1265 5489 1295 5535 ut
1310 5483 1467 5539 mandatum
1483 5491 1555 5558 quod
1577 5499 1675 5561 adrer-

61 5599 179 5656 uotarius
190 5595 266 5651 dicit.
278 5593 355 5650 Licet
367 5601 394 5649 et
408 5590 549 5662 superiore
570 5586 672 5660 judicio
686 5599 729 5642 me
741 5583 821 5638 obtu·
875 5576 941 5634 sarii
958 5575 1043 5632 nostri
1058 5572 1225 5639 obtulerunt,
1239 5571 1318 5630 nobis
1328 5575 1356 5632 in
1370 5577 1495 5634 notitiam
1509 5586 1672 5670 perferatur,

58 5705 88 5748 se
102 5688 293 5753 meminerim,
308 5693 398 5742 umen
422 5683 468 5740 illa
487 5681 605 5737 arbitror
628 5689 691 5736 tune
709 5673 821 5731 minime
875 5670 1004 5744 quoniam
1017 5668 1104 5726 series
1114 5674 1236 5722 aetorum
1248 5676 1361 5738 propter
1370 5669 1412 5725 sul
1424 5669 1605 5740 prolixitatem
1620 5707 1673 5752 non

57 5794 122 5841 atum
137 5795 200 5841 esse
220 5779 341 5846 rarione,
354 5777 419 5850 quia
436 5773 531 5832 multis
551 5769 738 5832 saecrdotibus
754 5781 821 5824 con·
875 5773 967 5838 potest
984 5759 1137 5834 explicari,
1152 5770 1187 5814 ne
1197 5756 1323 5828 inparau
1338 5758 1513 5832 adiudicium
1525 5774 1619 5837 ruppe
1633 5787 1674 5846 pp,

215 5877 352 5938 errtoc.
389 5872 447 5936 xl.
1329 5853 1370 5918 id
