3950 6317
64 284 77 340 ι
460 281 618 340 histonii
639 282 938 346 canlhhnmnhsts
956 288 1196 350 consitionis.
1591 253 1665 369 lise

60 396 143 463 uarit,
161 396 324 454 catholicam
339 395 490 454 Ecclesiam
505 396 653 452 humanum
675 411 736 454 osse
758 397 807 468 lig·
822 401 848 461 Α
862 407 895 456 ιι
909 415 938 458 ιι
950 413 1013 458 cum
1025 405 1108 462 reteri
1122 405 1223 476 optima
1237 405 1360 467 Ecclesia
1371 411 1494 472 ilomaua
1506 425 1665 481 consentire

60 498 142 544 ιιιιιιι.
162 489 251 545 Τιιιίι
272 499 313 546 ιιι
335 490 503 561 Augustinus
518 489 566 545 lib.
581 505 602 547 ιι
616 498 712 547 ιιιιιι
735 489 810 547 Gau·
860 496 1069 565 contendebant,
1085 507 1179 556 etuon
1202 501 1254 558 nisi
1273 518 1288 558 a
1307 504 1437 578 degeneri
1457 510 1603 572 defecisse,
1619 515 1665 574 spe

64 590 82 636 t.
114 583 213 652 hlajori
231 581 322 639 calore
341 582 485 649 dixissent,
512 581 682 640 catholicum
710 596 810 640 nomen
859 583 1159 661 iamcausaeqnardam
1183 595 1325 654 translatio
1348 609 1418 667 erat,
1434 611 1464 660 ut
1485 621 1540 663 non
1559 617 1614 666 mm
1630 611 1665 666 dc

60 689 69 730 a
91 675 236 746 prolanum
260 683 289 731 ct
302 674 394 742 civile,
418 689 472 748 quo
494 675 569 748 leges
593 683 718 742 utuntur,
747 689 809 732 curo
862 676 987 734 Africana
1001 695 1081 752 quam
1094 685 1261 744 deltomana
1273 689 1394 749 Ecclesia
1409 694 1541 772 deinceps
1555 718 1664 775 quare-

59 767 166 824 riiicant
180 779 385 841 procuratorem
395 768 512 826 Caesarie
528 768 546 824 l.
565 781 629 838 peu.
644 765 676 824 G.
690 767 726 824 de
741 767 810 824 Bon.
861 777 947 837 retur,
961 780 989 828 et
1002 789 1098 832 rursus
1108 775 1249 850 multiplci
1262 784 1379 852 questio
1391 786 1453 845 iacti
1474 791 1662 853 oboriebatur.

60 879 115 919 ser.
132 861 209 918 Sane
221 872 286 919 ants
308 860 499 934 Augustinum,
515 860 630 932 Optatus
643 859 691 916 lib.
710 875 729 915 n
742 873 811 916 con·
861 859 920 919 Non
941 864 1076 936 negabant
1099 867 1248 930 Donatistae
1268 872 1410 936 hirican'as
1434 881 1572 944 Ecclesiae
1593 896 1664 945 tam.

65 955 222 1012 Donatistis
234 953 375 1026 disputans
390 969 444 1010 non
458 952 547 1010 solum
567 961 646 1024 urget
659 951 811 1008 Ecclesiam
861 968 941 1027 quam
954 958 1078 1016 colonias
1088 963 1225 1035 respicere
1234 967 1347 1039 debere,
1361 971 1510 1034 Romanam
1525 989 1662 1054 tamqnam

60 1064 69 1105 ι
89 1048 266 1114 catlurlicam,
281 1057 310 1105 et
331 1049 367 1104 ita
382 1047 534 1119 appellari,
548 1062 609 1119 qnae
623 1047 660 1102 sit
675 1053 732 1102 toto
745 1045 813 1104 orbe
862 1050 1047 1121 metropolim,
1062 1063 1092 1110 ut
1112 1065 1142 1112 et
1159 1055 1345 1119 Tertullianus
1358 1065 1425 1123 hier
1438 1068 1473 1126 de
1486 1071 1662 1145 eraserint:

60 1155 144 1196 'erum
159 1139 281 1196 diffuse:
306 1139 355 1198 sed
370 1151 399 1196 ei
413 1140 481 1196 elias
504 1139 546 1202 lut
567 1137 659 1212 loelli)
680 1138 813 1196 Ecclesia
866 1139 1025 1211 Videamus,
1048 1145 1151 1220 iuquit,
1170 1151 1234 1220 qnid
1248 1151 1367 1212 Ecclesia
1387 1157 1505 1218 Romanu
1527 1164 1664 1238 didicerit,

60 1250 99 1302 es,
112 1233 212 1306 quibus
228 1233 272 1290 itta
288 1244 315 1291 et
333 1243 447 1290 orttatur
460 1241 488 1291 et
500 1233 680 1304 dignoscitur,
691 1232 810 1288 indicat:
862 1235 925 1304 qttid
937 1234 1071 1308 docuerit,
1091 1257 1150 1296 ιιιιιι
1166 1241 1296 1316 Africanis
1306 1264 1408 1318 quoquc
1425 1251 1550 1312 Eccleaiis
1563 1271 1665 1316 contes-

60 1327 118 1384 ctsi
138 1326 166 1384 id
189 1327 271 1384 iaciat
283 1326 381 1400 irigide
395 1337 423 1386 ιι
444 1329 569 1386 obscure.
585 1327 739 1392 Pretereo.
752 1342 813 1398 quac
863 1329 964 1384 saeris.
993 1329 1066 1403 Ergo
1077 1331 1227 1392 Donatistae
1246 1347 1335 1396 astute
1349 1354 1487 1413 curarant,
1504 1354 1533 1403 ut
1547 1351 1663 1422 aliquam

63 1421 89 1477 lo
111 1430 175 1491 post
196 1418 376 1494 augustinum
392 1420 552 1478 lliuccutius
572 1419 721 1478 Lirinensis
734 1434 766 1476 oa
779 1419 814 1476 de
863 1421 959 1480 Rome
974 1423 1126 1485 Ecclesiam
1139 1428 1281 1488 baberent.
1298 1432 1352 1491 Sed
1368 1450 1421 1492 uon
1441 1449 1589 1509 potuemus
1602 1442 1666 1501 elh-'

60 1521 158 1572 acutius
172 1516 302 1589 scripsit.
329 1514 383 1574 sad
397 1515 464 1572 illud
487 1514 560 1582 dieo,
577 1531 639 1572 cum
663 1513 814 1586 apostolica
863 1530 937 1586 core,
955 1529 983 1575 ut
998 1519 1055 1590 jam
1069 1520 1133 1580 inde
1146 1525 1182 1581 ab
1202 1529 1388 1596 apostolorum
1407 1535 1578 1605 temporibus
1592 1537 1666 1595 vide-

64 1609 130 1665 iesia
151 1607 325 1678 defenditur,
340 1623 395 1666 non
408 1606 518 1666 delendi
532 1608 710 1680 apostolicam
726 1606 814 1664 colln-
864 1619 960 1668 rentur
974 1612 1011 1671 ibi
1027 1596 1161 1676 'babuisse
1173 1622 1332 1694 episcopum
1355 1641 1412 1683 suar
1424 1638 1516 1685 sectae.
1537 1631 1609 1705 Ergo
1622 1648 1667 1692 re-

60 1716 118 1757 leffl
142 1701 323 1772 <tummim
350 1699 516 1758 'lehumnum
542 1701 589 1772 t1¹¹i
610 1699 742 1758 malesei
764 1715 814 1772 po-
865 1706 955 1762 uocati
970 1707 1007 1764 ad
1020 1709 1154 1782 originem
1171 1716 1381 1774 evanescebant.
1400 1719 1538 1794 originem
1553 1734 1665 1797 antem,

60 1814 64 1850 ι
83 1793 196 1852 dicendi
212 1805 284 1852 sarrai.
302 1796 373 1866 Ergo
389 1796 535 1853 Durraaistae
547 1794 815 1868 postremoCatlreii·
828 1792 853 1856 h
866 1811 927 1854 cum
953 1799 987 1856 de
1011 1805 1184 1863 successione
1212 1817 1348 1880 ageretur,
1375 1804 1570 1885 inspiciendam
1592 1835 1667 1888 esse,

65 1888 233 1960 apostasiam
255 1889 427 1960 obiecerunt,
443 1889 522 1960 cuitus
546 1898 637 1945 tamen
654 1886 705 1959 ipsi
725 1888 815 1958 potius
867 1889 926 1958 ipse
945 1907 1054 1965 quoque
1076 1895 1261 1957 Tertullianus
1286 1916 1486 1973 praemonuerat
1509 1909 1536 1965 in
1561 1911 1608 1967 lib.
1633 1911 1670 1970 de

68 1991 158 2037 eraut.
174 1982 340 2052 Augustinus
364 1981 390 2037 in
416 1981 464 2039 hh.
478 1981 513 2039 de
528 1996 614 2054 agone
627 1980 730 2036 Christ.
752 1994 814 2052 cap.
867 1979 1011 2054 Prascrip.
1036 1985 1108 2043 Saue
1131 2000 1190 2046 acta
1212 1990 1373 2052 Collatioois
1396 2006 1539 2068 testantur,
1559 2000 1671 2059 Petilia-

64 2092 70 2126 :
87 2073 163 2142 Cana,
178 2073 272 2146 inquit,
283 2073 427 2132 Donatistis
442 2074 533 2146 objicis
543 2075 613 2130 locor
626 2074 770 2146 Scripturas
784 2071 816 2126 de
867 2087 933 2129 num
945 2076 1139 2148 anticipatione
1147 2081 1265 2153 quadam
1279 2098 1370 2156 tasum,
1382 2090 1464 2146 etiam
1480 2094 1629 2164 Augustino
1642 2101 1672 2153 et

60 2167 138 2224 cleric
151 2177 203 2224 tcta
213 2169 272 2226 oric
287 2168 470 2238 diffarudmdu,
481 2167 586 2237 dicunt,
599 2170 658 2241 jum
667 2169 719 2225 isto
729 2169 818 2224 omnic
868 2167 928 2240 ejus
942 2167 1057 2243 collegis
1069 2171 1141 2230 ultro
1155 2173 1231 2230 litem
1252 2179 1370 2237 monisse
1385 2181 1420 2238 do
1434 2183 1539 2256 origine
1561 2197 1589 2244 et
1608 2203 1673 2245 suc·

60 2277 100 2316 sse
111 2260 248 2334 completa,
262 2271 399 2334 autequam
411 2272 476 2320 earet
492 2278 555 2336 pera
567 2260 662 2318 Donati
676 2262 742 2318 :sed
758 2277 818 2334 ροι-
868 2263 1004 2322 cessione.
1019 2265 1141 2338 Rogassc
1160 2269 1245 2337 cuim,
1261 2273 1323 2341 quis
1335 2288 1386 2330 eos
1406 2275 1577 2335 ordinasseti
1589 2296 1672 2352 quem

72 2362 153 2408 totum
176 2351 321 2416 Ecclesium
340 2355 459 2427 periisse,
474 2363 499 2410 et
513 2355 540 2409 in
553 2353 610 2410 aolc
623 2351 723 2408 Donati
747 2361 820 2426 parte
871 2365 975 2426 patrern
989 2367 1015 2414 et
1031 2367 1170 2418 auctorem
1182 2359 1336 2420 haherentt
1351 2368 1423 2424 trude
1432 2371 1674 2441 coepissentitin·

60 2447 142 2515 iqnius
162 2451 219 2522 rjus
239 2449 366 2505 merrhae
378 2448 546 2506 contendunt.
561 2447 632 2518 Quid
645 2447 679 2504 ad
694 2446 753 2505 haec
764 2446 821 2504 hu·
870 2449 1006 2520 gnstinnm
1021 2460 1112 2508 autem
1137 2455 1324 2526 respondisse,
1343 2459 1378 2515 ah
1398 2459 1458 2530 ipso
1480 2460 1588 2519 Christo
1603 2464 1675 2521 iudi·

60 2539 165 2597 atinus?
178 2539 201 2595 tt
214 2540 451 2616 tingueminqnit,
466 2541 602 2614 superium
625 2551 649 2598 et
670 2541 821 2628 reperiam!
871 2540 928 2596 cari
951 2541 1095 2599 exordium
1118 2559 1176 2601 snae
1199 2549 1400 2607 communionis
1420 2559 1450 2607 et
1470 2554 1601 2626 originem
1616 2571 1675 2614 snae

60 2649 93 2688 rm
108 2632 138 2690 in
150 2631 222 2689 libro
234 2632 353 2691 delinit.
368 2645 463 2692 contra
476 2633 639 2692 Petilianum
652 2643 755 2701 narrat,
769 2633 822 2690 Do-
872 2632 1013 2701 Ecclesiae,
1032 2651 1094 2706 que
1107 2635 1143 2692 ab
1155 2637 1327 2696 Hierusalem
1346 2640 1444 2699 niuosa
1459 2654 1501 2701 est
1516 2660 1565 2718 per
1579 2662 1676 2706 omnes

60 2729 136 2786 tistas
148 2727 259 2800 quidem
283 2729 424 2786 coulcssos
449 2727 557 2785 taudem
577 2742 650 2798 esse,
675 2742 737 2799 qnae
756 2726 824 2785 Pro·
873 2733 968 2796 gentes
986 2727 1245 2801 condouoquodanr
1260 2746 1416 2803 progressu.
1432 2734 1477 2792 Sic
1492 2751 1522 2794 ιι
1536 2737 1675 2797 Christum

60 2831 111 2878 etue
125 2821 360 2894 predixeruntde
385 2823 514 2880 Ecclesia
537 2821 740 2894 amplitudine:
774 2822 823 2879 sed
874 2817 1081 2891 inierecaput,
1104 2820 1202 2891 ὓιιιιιι,
1225 2823 1356 2881 Patrem:
1372 2836 1498 2896 matrem,
1524 2829 1676 2889 Ecclesiam

60 2921 184 2990 cepisse,
197 2928 290 2990 postea
307 2917 399 2974 orbem
419 2925 562 2984 terrarum,
578 2926 608 2973 nt
627 2916 821 2989 loquebantur,
875 2909 969 2966 teleto·
986 2910 1093 2982 Rogant
1107 2912 1255 2971 Donatistae
1279 2917 1340 2989 quis
1357 2917 1540 2991 Augustinurrr
1552 2921 1678 2981 ordinas.

60 3019 212 3078 ustatasse,
248 3006 435 3081 deiecisseque
460 3024 494 3066 ιι
527 3009 652 3066 omnihus
689 3005 825 3065 Gentibus
874 3009 928 3060 set.
944 3002 1115 3077 Augustinus
1136 3008 1236 3066 latetur
1258 3009 1344 3068 inisse
1364 3012 1507 3086 liegaiinm
1530 3016 1678 3076 Primatem

60 3109 208 3164 cristianam
221 3105 394 3178 religionem,
404 3113 518 3176 excepta
530 3113 608 3175 parte
618 3103 715 3161 Donati
730 3121 737 3158 a
753 3105 825 3160 sicut
876 3095 1021 3155 Numidica·
1037 3099 1184 3157 notariam
1202 3103 1305 3174 aliquid
1320 3105 1376 3160 uitii
1398 3107 1426 3162 iu
1448 3123 1480 3165 ca
1507 3110 1679 3170 ordinatione

65 3200 173 3269 Enoch,
185 3200 212 3256 in
227 3199 314 3269 naha,
328 3199 356 3256 in
369 3197 535 3266 discrimino,
548 3198 634 3267 isaac,
650 3208 678 3254 et
689 3196 785 3264 Jacob,
796 3187 862 3254 etC
877 3199 972 3246 holere
991 3199 1021 3247 et
1033 3192 1237 3264 reprehendere
1249 3195 1388 3254 nolebant.
1408 3197 1462 3256 sed
1477 3199 1563 3257 iutilia
1584 3218 1681 3261 aarum

66 3295 173 3352 duabus
199 3291 322 3351 ppibthg
344 3291 413 3349 Juda
440 3292 506 3349 olim
530 3289 663 3348 remetis'ti
690 3289 823 3348 Ecclesia.
876 3281 1015 3339 cavillatio
1029 3283 1090 3354 luit,
1111 3301 1241 3358 mittin
1254 3289 1435 3361 extorquebat
1448 3288 1680 3354 hirisGatholicia

60 3389 153 3446 eciosa
176 3395 236 3446 erat
256 3386 314 3444 hoc
329 3386 531 3443 Donatistarum
554 3383 706 3455 replicatio,
730 3381 778 3456 qui
798 3393 826 3442 et
876 3373 1065 3433 defensionem
1077 3390 1135 3435 suae
1146 3393 1209 3436 enm
1222 3375 1346 3439 Ecclesia
1360 3381 1440 3439 hom.
1466 3387 1679 3460 communionis,

60 3481 190 3539 ostasiam
213 3481 290 3551 quasi
301 3477 468 3536 catholicam
483 3475 536 3534 dici
552 3491 632 3547 posse
646 3475 825 3547 objiciebant,
877 3467 905 3524 itt
917 3483 970 3540 que
983 3468 1013 3526 hi
1026 3470 1194 3528 exultabant.

60 3577 140 3646 lunge
157 3580 185 3630 et
198 3572 250 3630 late
265 3570 363 3628 dillusa
377 3580 491 3641 occupet
505 3568 599 3626 orhem
616 3576 759 3624 ιιιιιιιιιιι.
773 3565 826 3626 Sed
913 3560 1030 3634 Optatus
1053 3563 1151 3632 lihu,
1176 3565 1320 3638 disputans
1345 3578 1440 3626 eontra
1468 3571 1680 3632 Panneuianum

70 3665 211 3740 apostasia
225 3663 366 3736 probanda
382 3665 505 3734 imperite
526 3661 679 3730 herebant,
707 3662 752 3733 qni
767 3676 827 3718 eam
879 3657 1058 3721 Donatistam.
1074 3669 1218 3716 enumerat
1227 3662 1283 3732 jam
1297 3660 1361 3719 inde
1376 3678 1393 3718 a
1414 3664 1497 3721 Petro
1518 3667 1678 3724 continuant

62 3778 122 3818 nex
138 3761 263 3817 doctrina
278 3759 359 3827 ildci,
375 3757 424 3816 sed
448 3773 483 3814 ιι
507 3757 646 3814 hominum
667 3758 787 3814 moribus
801 3766 829 3816 et
878 3751 1081 3810 successionem
1095 3753 1285 3827 episcoporum
1310 3757 1391 3815 horn.
1408 3773 1476 3828 ‚cnm
1492 3763 1591 3833 quihus
1619 3762 1680 3820 hiri

60 3853 156 3924 generi
175 3851 293 3923 nequitia
309 3851 437 3907 aestimari
451 3850 596 3916 nolebant,
617 3850 741 3908 homiues
764 3866 828 3924 pro·
878 3849 1013 3907 Catholici
1027 3852 1277 3910 communicabant.
1300 3853 1371 3911 Tum
1392 3871 1457 3913 reru
1481 3858 1615 3913 insultans
1629 3859 1684 3915 Do·

60 3958 95 4004 :to
111 3944 273 4017 praeposteri
284 3951 312 4000 et
325 3943 425 4002 murnai
441 3953 469 4002 et
479 3944 638 4016 importuni,
657 3944 828 4016 potiusquam
879 3943 999 4013 natistis,
1018 3942 1079 4013 Vos,
1092 3944 1191 4016 inquit,
1218 3955 1309 4002 cestre
1327 3947 1457 4004 cathedre
1469 3948 1593 4022 originem
1603 3951 1682 4007 edite.

60 4056 102 4098 res
116 4050 167 4096 aut
179 4039 260 4094 ocuti.
355 4087 363 4104 ,
879 4033 1102 4105 Respondebam,
1116 4045 1147 4092 nt
1161 4044 1242 4094 eraut
1254 4038 1362 4105 insulsi,
1383 4039 1543 4106 Donatistae,
1566 4056 1597 4099 sc
1612 4057 1683 4115 qne-

60 4133 118 4190 Nou
142 4132 230 4203 potant
257 4130 316 4189 hacc
340 4132 525 4189 controuersia
547 4131 645 4188 melius
663 4130 828 4203 diiudicari,
880 4128 972 4202 quein
985 4128 1053 4186 urbe
1068 4127 1154 4185 Euma
1168 4129 1270 4186 hahere
1287 4129 1446 4186 antistitem.
1463 4130 1578 4202 Optatus
1598 4135 1671 4205 repli

60 4243 105 4284 am
121 4241 158 4283 ex
176 4225 359 4282 successione.
376 4222 447 4295 Ergo
469 4223 603 4282 Catholici
628 4225 831 4295 respondenmt
880 4229 925 4280 cat
940 4223 1069 4294 primum,
1083 4237 1164 4295 quem
1185 4222 1222 4279 ihi
1245 4221 1410 4290 habuerunt,
1425 4224 1468 4280 rel
1489 4225 1578 4295 potins
1600 4243 1680 4298 quera

60 4319 177 4390 pitirnmu
189 4319 246 4391 jam
262 4318 325 4375 iude
345 4319 379 4375 ah
394 4316 522 4389 apostolis
543 4318 746 4374 successionem
771 4317 825 4375 sihi
880 4330 914 4373 eo
937 4317 1089 4383 miserunt,
1107 4315 1192 4373 luisse
1214 4317 1360 4390 quemdam
1384 4317 1541 4389 Victorem,
1565 4336 1684 4395 euntque

60 4411 171 4484 [hagani
189 4428 196 4465 ι
211 4411 357 4468 Donatistis
371 4425 436 4468 tero
448 4409 548 4466 nnllam
559 4423 630 4466 esse.
646 4409 711 4465 hice
721 4422 832 4466 sncces-
881 4404 988 4477 hirtum,
1004 4409 1050 4481 qui
1069 4419 1133 4466 ante
1153 4411 1287 4466 Donmum
1303 4427 1357 4467 non
1378 4410 1469 4468 luerit.
1495 4413 1569 4488 Ergo
1584 4425 1612 4472 et
1625 4419 1681 4473 hn-

60 4522 133 4563 urem
162 4521 215 4563 ιιοιι
241 4505 322 4564 modu
344 4519 534 4577 personarum,
549 4503 597 4560 sed
618 4501 701 4559 etiam
716 4517 807 4560 rerum
823 4519 830 4557 :
882 4499 1050 4569 gastinesio
1070 4501 1188 4572 quodam
1204 4502 1302 4572 psalm.
1318 4511 1415 4558 contra
1430 4504 1596 4576 Donatistae,
1621 4508 1684 4563 Nu·

60 4617 116 4672 que
133 4611 237 4656 tautum
252 4599 393 4668 doctrinm,
408 4598 456 4655 aed
472 4607 498 4655 et
518 4597 721 4654 ordinationis:
744 4612 833 4670 neque
845 4583 874 4646 D
885 4601 993 4661 menie.
1016 4593 1115 4663 iuquit,
1130 4592 1275 4648 mecrdotea
1295 4595 1327 4648 ni
1342 4593 1399 4665 ipra
1421 4592 1496 4651 Petri
1516 4597 1576 4653 aede
1587 4615 1597 4655 :
1610 4607 1634 4654 et
1654 4599 1684 4655 iu

60 4695 119 4750 inm
137 4693 328 4760 ordinationis,
352 4691 400 4750 sed
413 4695 494 4750 ctiam
514 4691 664 4764 religionis.
683 4690 765 4750 Certe
787 4693 832 4750 ubi
886 4685 976 4742 ordine
989 4699 1079 4740 eoram
1092 4693 1207 4756 putrem,
1218 4685 1277 4755 quia
1289 4684 1333 4738 cai
1342 4686 1473 4755 aucmrait,
1486 4688 1578 4744 udae.
1590 4689 1644 4745 Sed
1656 4699 1686 4747 ct

60 4787 91 4842 lis
118 4786 258 4843 successio
278 4794 330 4854 est,
354 4784 471 4843 delectio
489 4800 543 4840 nou
565 4793 617 4850 est,
632 4784 687 4840 imo
709 4799 774 4841 reru
791 4791 834 4842 cat
886 4777 912 4834 in
928 4777 975 4833 lib.
990 4777 1094 4843 anst.
1110 4774 1217 4832 Veteris
1230 4775 1337 4833 silleti
1347 4775 1468 4833 Testam.
1480 4792 1540 4850 cap.
1555 4781 1608 4835 lto
1622 4779 1685 4852 (qui

62 4879 202 4935 utinuatio
215 4894 222 4932 ε
237 4885 268 4934 ut
287 4893 375 4950 raeque
389 4877 423 4946 ii,
439 4878 536 4950 quibus
550 4877 587 4933 ita
603 4876 768 4945 succeditur,
785 4876 834 4935 de·
885 4871 955 4928 libet·
963 4868 1115 4941 Augustino
1125 4867 1442 4942 ascribitur),ttrattueru‚
1454 4869 1552 4941 inquit,
1563 4873 1596 4927 ai
1605 4888 1686 4944 apos·

60 4975 151 5030 ssissc
166 4971 278 5028 omniuo
298 4971 448 5028 videantur.
473 4970 520 5027 ilsi
533 4979 612 5026 antea
625 4977 703 5027 eraut
723 4969 774 5028 hac
788 4970 835 5028 de·
887 4965 940 5022 telo
953 4963 1033 5021 Petro
1048 4972 1168 5037 ceptum,
1184 4971 1209 5020 et
1220 4979 1301 5034 saque
1314 4965 1408 5019 adhoc
1420 4971 1520 5036 tempus
1535 4981 1581 5034 per
1594 4965 1687 5022 trodu-

60 5069 158 5123 nsiuuc
171 5065 328 5122 lrenraeusct
351 5063 482 5136 Origenes
496 5063 626 5120 aduersus
640 5063 681 5120 sni
703 5063 834 5135 temporis
886 5075 940 5116 cem
960 5055 1149 5114 ιιιιιιάιιιιὶιιιιι
1170 5057 1352 5130 episcoporum
1375 5065 1504 5113 ιιιιιιιιιιι
1524 5058 1686 5131 perturbant,

60 5161 116 5233 58
128 5159 282 5224 haereticos,
296 5169 323 5215 et
336 5157 395 5230 ipse
407 5172 514 5230 quoque
526 5155 709 5213 Tertullianus
723 5155 789 5213 hier
800 5161 835 5213 de
885 5151 1006 5208 ordinem
1025 5149 1074 5205 aiii
1087 5151 1144 5208 rius
1166 5151 1267 5224 origiue
1279 5150 1447 5222 ιίιιιιιιιιιιιι,
1462 5165 1557 5222 corpas
1569 5151 1626 5208 rire
1643 5165 1690 5206 ca·

59 5254 179 5323 mserip.
198 5251 317 5308 haeretic.
340 5249 454 5323 Optatus
474 5249 597 5306 eamdem
621 5250 733 5321 opponit
747 5248 837 5304 Dona·
886 5247 949 5320 pite.

60 5344 104 5398 stis
120 5343 168 5400 lih.
181 5357 214 5410 n,
231 5353 258 5398 et
272 5344 331 5414 cius
344 5344 469 5414 exemplo
483 5341 726 5413 hugnstitrus,qui
741 5348 769 5398 ιι
780 5340 836 5397 iia·
923 5339 1092 5408 Donatistce,
1117 5350 1149 5397 nt
1172 5339 1357 5397 Romanorum
1391 5338 1581 5410 episcoporum
1614 5339 1688 5396 iilam

60 5433 149 5490 cinaeis
160 5432 286 5489 eumdem
300 5433 383 5489 ueluti
396 5435 508 5490 arietem
520 5431 613 5502 objicit
623 5433 776 5504 quinquies,
789 5441 836 5488 aut
889 5433 1104 5499 successionem,
1118 5448 1199 5505 quam
1212 5431 1270 5490 hiri
1283 5429 1418 5486 Catholici
1437 5446 1500 5488 eum
1516 5429 1550 5486 iis
1564 5446 1691 5488 commu·

62 5526 126 5582 aies
141 5525 167 5580 iu
192 5524 271 5580 libris
293 5535 388 5582 contra
411 5514 552 5590 Faustum,
572 5532 599 5579 et
619 5526 645 5578 iu
671 5523 717 5580 lib.
740 5534 834 5580 contra
889 5527 1012 5584 nicantes
1022 5526 1171 5598 jactabant,
1193 5526 1369 5591 interruptam
1384 5532 1413 5578 et
1426 5523 1552 5580 vitiosam
1570 5538 1632 5581 csse
1645 5539 1692 5582 os·

60 5617 257 5684 tist.hlauich.,
267 5627 294 5673 et
303 5617 330 5672 io
341 5617 388 5673 lih.
400 5616 433 5674 de
444 5617 509 5674 litii.
517 5616 604 5682 cred..
620 5617 680 5673 ctiu
692 5618 737 5673 lih.
751 5635 758 5672 ι
770 5631 836 5674 con·
890 5619 1052 5686 tenderent,
1073 5631 1163 5689 neque
1182 5623 1271 5671 ιιιιιιιι
1287 5614 1400 5671 cortinae
1421 5631 1453 5671 ca
1468 5615 1503 5675 de
1517 5629 1547 5670 re
1561 5615 1694 5673 declami-

60 5712 201 5770 aadners.
215 5711 268 5784 leg.
287 5727 348 5785 cap.
362 5712 409 5771 ab.
431 5711 483 5769 Sed
497 5727 558 5768 cum
570 5711 701 5769 aduersus
715 5711 838 5768 Donatis-
890 5721 948 5768 tare
967 5711 1135 5777 riderentur,
1157 5706 1304 5779 aliquando
1330 5705 1439 5774 diacre,
1461 5707 1567 5778 primos
1589 5707 1695 5780 aliquos

60 5824 75 5864 s
90 5809 192 5880 agitur,
209 5804 347 5862 diitieilior
359 5807 416 5862 haee
430 5806 498 5862 ratiu
511 5814 554 5861 est
569 5822 577 5860 ι
590 5803 655 5878 quta
668 5813 697 5864 et
709 5805 837 5866 Donatis-
893 5805 957 5865 illas
969 5805 1080 5878 quidem
1092 5801 1230 5874 tucnpate
1244 5800 1296 5872 (sic
1307 5799 1382 5858 euim
1397 5800 1593 5872 loquebantur)
1613 5800 1694 5866 Rom.

302 5900 439 5962 Parnon.
469 5898 526 5962 xl.
1416 5899 1457 5962 Η
