3950 6317
84 291 125 349 flb
447 280 672 343 beSEffi'b'i'lO
691 282 712 351 f,
734 274 778 341 ud
796 280 826 345 S.
846 280 996 348 tenditis
1017 282 1141 351 fntcs.
1163 285 1208 347 ET
1226 284 1365 349 AETATE.
1706 294 1741 351 tt

84 404 172 459 etesia
188 403 304 481 primum
315 409 408 479 patens
418 399 543 458 dedicata
567 398 615 461 fult
636 416 643 455 s
662 397 735 473 quod
748 396 782 455 ud
795 407 888 459 osten·
900 404 926 469 Α
940 408 1029 459 ctetus
1043 402 1079 459 55
1090 410 1119 459 et
1131 402 1179 479 38,
1194 402 1230 465 if
1241 412 1270 462 et
1281 403 1383 478 tatto.
1395 422 1424 477 u,
1433 409 1478 487 qui
1492 406 1593 489 tiouull
1603 410 1745 479 cumidem

85 494 208 552 dendam
224 511 282 553 earn
300 492 433 567 publicam
450 492 593 565 plurimum
610 489 726 548 confert.
742 490 800 548 flue
823 506 890 565 quo·
942 493 1052 553 circiter
1064 503 1200 569 repetant,
1225 513 1287 555 eum
1312 516 1454 563 numerum
1477 504 1592 583 sturmis
1610 509 1691 572 annis
1714 506 1743 565 in

85 606 142 668 que
155 589 286 647 conducit
299 588 373 647 loeus
394 603 427 645 es
442 597 522 644 tract.
537 586 572 645 fb
590 584 638 642 lib.
659 599 680 651 r,
705 601 780 643 oum.
794 586 828 657 5,
845 586 890 646 ubi
943 590 1072 663 pasctsate
1085 587 1374 661 bsptismatislamcro
1384 596 1450 671 aopi
1461 597 1572 658 solitum
1586 597 1741 666 insinuant:

86 684 260 743 mulieresed
272 682 402 741 ecelesiam
411 680 789 755 Deltotunsinnurateeorpus
801 682 889 755 palam
941 680 1014 755 quod
1028 680 1149 752 prolecto
1168 698 1222 741 non
1245 684 1298 741 uisi
1313 696 1376 759 poet
1396 690 1530 753 pedalum
1552 692 1681 755 Ecclesia
1694 708 1744 768 pa-

86 777 257 851 processisse
270 772 434 845 indicantur,
447 790 498 831 nec
514 789 569 831 non
582 769 629 831 ille
639 772 708 829 alius
722 786 755 831 ex
779 781 858 831 tract.
873 772 891 831 5
941 790 1003 833 cem
1016 774 1148 835 accidisse
1160 778 1291 837 credibile
1302 790 1355 839 est.

86 869 393 975 ejusdesuiibri,oum.
414 868 443 937 8,
465 862 891 975 inquodeGbristisoi'susorij
941 907 1208 981 adme„
1225 911 1350 972 cam
1369 918 1522 991 mmmm
1540 922 1681 994 mmm
1716 934 1741 978 n

86 964 138 1070 bus
161 962 272 1020 etbnico
292 971 383 1033 nuptus
407 962 509 1065 Auctor
530 962 658 1067 loquens,
672 976 725 1015 non
741 970 889 1067 munuststr
976 1001 1097 1069 mmm
1122 1004 1289 1062 mom
1309 1007 1466 1066 mmm.
1485 1014 1580 1081 mm,
1600 1015 1633 1070 de
1650 966 1745 1086 μὴ..

85 1055 222 1113 idolorum
238 1054 478 1129 tersspium,quam
501 1052 538 1109 ulls
562 1054 705 1116 ecclesiam
727 1054 824 1114 eodem
845 1054 889 1113 dre
977 1099 1074 1157 ,m
1090 1102 1322 1160 mum·
1342 1109 1400 1180 eim
1415 1108 1601 1177 mmm
1620 1120 1744 1182 mmm

85 1150 275 1256 palam-petita
290 1148 402 1225 perirrdc
415 1158 502 1217 notu,
516 1157 546 1205 ut
558 1148 662 1221 publica
679 1159 793 1221 utraque
812 1166 890 1225 {cipue
976 1195 1100 1251 mm
1119 1196 1407 1257 mmmmm
1421 1202 1558 1271 mmm·
1576 1200 1682 1259 Bm,
1698 1204 1746 1259 ώ-

84 1244 169 1303 fmssc
181 1244 377 1320 rptcibgsntur.
399 1242 485 1301 Unum
501 1244 607 1301 taudem
621 1257 698 1305 extra
711 1262 819 1311 omnem
836 1246 888 1308 du·
973 1290 1191 1364 ,mmm
1209 1290 1280 1361 Quid
1299 1295 1368 1350 m
1389 1298 1520 1353 emam
1538 1299 1638 1355 mm
1657 1316 1674 1355 a
1691 1300 1744 1355 ,w

84 1335 889 1499 llllttffltl{llll⁰llilltlillllflf.
978 1384 1590 1463 mols..............,..5..

84 1524 134 1579 sibi
148 1524 321 1581 concionanti
337 1534 486 1595 praesentes
499 1526 652 1601 appellans,
666 1528 792 1590 ethnicos
806 1530 888 1591 irruet·
940 1574 943 1581 .
976 1518 1188 1594 Album0¹¹¹⁰0¹
1202 1520 1547 1595 P⁰b¹¹⁰i⁸ffi¹ff⁸i⁵²ss⁰f¹¹m
1562 1528 1744 1587 tecle-‘fisid-

86 1615 156 1690 legit,
177 1632 246 1691 quoe
270 1614 396 1675 facundia
417 1617 476 1689 ejus
499 1628 593 1693 captos
616 1620 641 1677 ei
661 1621 817 1684 interfuisse
834 1622 888 1681 fre·
940 1614 1609 1693 fiiiwbl'ifi‘fldum‘liud‘Uillium⁰1id⁰l⁰rl¹¹t¹
1622 1625 1743 1695 templis,

84 1709 287 1785 quentewlpm
300 1710 551 1772 sacraempcinnee
567 1710 691 1783 haberes,
715 1712 814 1774 ibidem
837 1730 887 1777 sn.
940 1723 1001 1779 quae
1012 1708 1064 1765 etsi
1077 1718 1214 1781 paterent,
1230 1710 1358 1769 aedificari
1373 1724 1463 1771 tamen
1477 1713 1605 1776 Auctoris
1620 1732 1679 1773 aeso
1693 1734 1745 1776 ue·
1778 1725 1785 1737 '

84 1812 139 1862 not.
166 1802 186 1861 Ξ
212 1804 401 1874 ostendimus,
423 1806 559 1879 simulque
590 1805 741 1880 colligimus
764 1809 891 1869 Auctoris
904 1820 929 1890 Β
942 1802 1741 1880 i⁰³l¹¹²¹¹¹l>⁰¹0l²⁰¹·linifflflwfflwdefflfflcf·imiimi.

83 1908 265 1973 etatemque
278 1899 451 1959 etbuieoruua
464 1900 638 1975 praesentiam
654 1900 720 1959 uibil
736 1914 885 1975 metueret,
941 1906 1083 1969 postquam
1094 1898 1166 1953 fraud
1180 1898 1344 1970 precipuum
1357 1914 1419 1957 esse
1431 1900 1500 1968 dixit
1511 1901 1546 1962 de
1560 1918 1638 1959 nouae
1653 1905 1744 1959 eccle-

83 1991 109 2049 id
126 1992 199 2064 quod
220 1991 308 2049 solutu
327 1993 428 2049 accidit
448 1994 548 2053 saecmo
562 2004 671 2067 quarto,
686 2008 749 2051 cum
763 2010 888 2067 persecu·
939 1991 988 2047 ⁸1³³
1010 1990 1192 2057 aedislcsiione
1211 1992 1332 2049 laeditur
1350 1994 1491 2067 peruincere,
1513 1996 1613 2068 quippe
1626 2000 1695 2069 quod
1714 1998 1745 2056 id

84 2084 202 2143 tionibus
214 2084 342 2148 Gentium
354 2084 583 2161 pchbristisnus
594 2087 886 2159 imperatoresdeletis,
939 2100 998 2139 cum
1018 2082 1153 2155 Gentibus,
1169 2084 1319 2141 uclfudaeis
1330 2098 1414 2162 potest
1431 2103 1485 2142 esse
1502 2104 1654 2157 commuoe,·
1671 2088 1744 2147 lrarsc

84 2174 243 2249 religionem
259 2176 436 2246 cleristrauam
449 2190 509 2233 arne
523 2177 578 2233 ullo
589 2186 661 2245 metu
673 2178 789 2254 publicis
801 2179 827 2235 in
839 2195 884 2241 cc
939 2175 1019 2247 bujus
1034 2184 1178 2248 postremo
1193 2180 1337 2234 sententiae
1352 2179 1486 2235 rationem
1502 2180 1597 2237 subdit
1609 2200 1616 2237 :
1629 2180 1701 2242 Num
1716 2192 1743 2237 et

82 2270 174 2327 ciesiis
190 2270 314 2349 profiteri
330 2269 415 2341 licuit,
440 2280 469 2327 ut
490 2270 525 2325 ad
548 2284 641 2330 sacras
664 2269 812 2331 conciones
833 2272 886 2349 ipsi
938 2268 993 2326 illis
1015 2268 1137 2336 siliceut,
1151 2270 1191 2325 uel
1202 2271 1225 2325 si
1243 2270 1333 2338 uelint,
1346 2272 1468 2343 {ortessis
1482 2272 1577 2330 cultius
1595 2290 1745 2347 sponpopus

82 2378 189 2437 quoque
210 2362 315 2435 etlrnici
338 2364 557 2426 admitterentur.
572 2363 666 2437 Nepete
681 2374 790 2434 uroseat
802 2366 886 2442 quud,
938 2363 1078 2433 edificent,
1089 2365 1185 2421 cultius
1195 2364 1450 2443 copuulccpitolioj
1461 2368 1506 2427 ubi
1521 2368 1645 2445 capitolio
1655 2373 1742 2447 scrip·

84 2467 161 2515 tract.
181 2460 209 2527 5,
229 2474 308 2515 nura.
324 2456 352 2527 8,
367 2458 463 2532 pagani
490 2457 541 2513 viri
569 2458 728 2525 sacrificiunt
753 2458 887 2538 publicent
939 2464 996 2516 lum
1011 2471 1062 2529 pro
1084 2458 1350 2529 respiramenta
1371 2460 1399 2517 iu
1422 2460 1496 2520 bunc
1515 2471 1658 2526 tractatum
1673 2479 1743 2539 pro·

84 2552 208 2627 affirmet,
224 2554 319 2611 usuris
331 2562 422 2612 autem
436 2548 598 2614 Christianae
624 2562 749 2621 secretum
770 2568 829 2620 :ex
853 2552 886 2614 iis
939 2548 1073 2609 basimus.
1098 2550 1175 2608 Nunc
1194 2552 1308 2611 adverte
1321 2553 1389 2609 duas
1412 2556 1563 2614 sententias
1576 2554 1742 2637 disjunctive

87 2648 167 2715 enim,
197 2662 261 2723 qpae
281 2646 381 2703 ibidem
404 2646 594 2705 annotavimus
615 2647 701 2719 liquet
727 2662 821 2705 uocem
844 2664 886 2706 se·
938 2644 1052 2723 positas,
1067 2645 1091 2701 si
1105 2645 1192 2712 liceat,
1207 2646 1246 2701 sel
1259 2648 1283 2701 si
1297 2646 1376 2704 uelint
1392 2663 1402 2703 .·
1417 2662 1529 2717 quarum
1544 2648 1631 2719 prima
1644 2648 1677 2704 ad
1691 2646 1743 2704 lu-

84 2750 174 2809 eretpnn
185 2740 220 2799 ad
234 2738 651 2811 ¹ecclesiastransferendamnon
663 2740 792 2809 esse‚sed
803 2758 885 2801 unum
938 2737 1012 2793 daeos
1027 2738 1165 2811 pertinere
1185 2738 1297 2794 minime
1313 2748 1415 2814 potest,
1435 2738 1568 2813 siqnidem
1583 2736 1740 2794 iudeorum

85 2844 202 2907 spectare
215 2832 396 2892 Euclsaristise
410 2846 628 2901 sacramentum.
643 2834 714 2907 quod
727 2849 761 2891 es
773 2834 884 2907 antiqua
937 2839 1006 2885 seris
1020 2828 1094 2883 stude
1110 2829 1164 2903 lepe
1181 2830 1309 2903 prolibus
1328 2830 1445 2888 uaditur
1463 2846 1479 2887 a
1501 2830 1738 2904 Tbeodosi0,1.1r

86 2926 231 3002 disciplina,
250 2928 378 2987 nedums
394 2928 518 3001 Paeanis,
534 2944 593 2987 oea
608 2928 813 2988 catechumenis
825 2930 885 3003 qui·
937 2925 968 2980 de
978 2922 1092 2997 iudeis,
1102 2940 1146 2979 an.
1160 2924 1224 2991 aaa
1239 2935 1267 2980 et
1277 2921 1364 2986 solum
1379 2923 1497 2994 aniel,
1508 2924 1560 3001 lep.
1570 2926 1602 2983 df
1615 2924 1740 3002 ejusdcm

86 3018 141 3083 deos
156 3020 222 3091 ipsis
238 3018 325 3077 rideri
343 3030 459 3091 poterat,
474 3022 520 3095 qui
540 3036 635 3079 orttues
657 3032 720 3095 post
743 3023 883 3099 Euappelii
936 3018 978 3074 tit.
994 3024 1103 3075 cautium
1113 3016 1174 3085 fuit,
1189 3035 1221 3073 ue
1235 3020 1353 3091 deinceps
1365 3019 1434 3077 ullus
1446 3022 1559 3091 {meent
1572 3022 1649 3090 condi
1659 3039 1740 3095 suna-

86 3108 223 3185 lectionem
251 3113 467 3187 concionemnue
496 3116 530 3175 ab
558 3115 674 3175 ecclesia
703 3116 882 3191 arcebantur;
936 3128 1016 3184 pupas
1035 3128 1045 3167 .·
1061 3112 1135 3185 quod
1160 3112 1248 3185 ipsum
1270 3112 1460 3170 consurrectum
1479 3113 1579 3187 legitur
1601 3130 1647 3173 sn.
1670 3116 1736 3189 did,

87 3202 151 3270 unde
173 3204 276 3281 ibidem
296 3208 398 3278 Auctor
411 3206 503 3266 statim
530 3221 589 3266 sese
605 3208 747 3279 explicans
768 3208 880 3270 subdit:
895 3214 918 3294 G
935 3201 983 3257 fib.
1002 3218 1059 3258 us
1080 3212 1107 3258 et
1133 3216 1218 3259 narr.
1240 3201 1333 3277 fmqsre
1347 3200 1459 3261 tudens
1478 3204 1591 3275 respicit
1615 3206 1737 3279 secunda

87 3294 165 3370 illius,
187 3298 214 3363 id
237 3309 283 3357 est
306 3300 402 3376 pagani
421 3300 546 3375 conjungis
558 3343 567 3369 ,
581 3300 746 3361 sacrificium
760 3319 778 3359 a
793 3302 883 3375 quouis
934 3296 1072 3353 sententia
1089 3296 1112 3351 si
1126 3295 1221 3371 selim,
1237 3296 1324 3369 prima
1337 3308 1429 3355 autem
1443 3298 1466 3354 si
1478 3298 1554 3355 liceat
1568 3301 1658 3373 palato
1671 3317 1738 3375 per·

86 3388 157 3458 libers
171 3392 278 3467 trpetpri
290 3400 375 3465 potest
388 3409 398 3451 .·
412 3403 485 3454 susm
499 3392 509 3469 (
521 3408 634 3453 osorem
647 3393 823 3453 christianam
843 3396 883 3451 al·
935 3390 1003 3452 ditet
1017 3388 1050 3445 ad
1069 3388 1204 3461 Gentiles,
1227 3390 1325 3463 quibus
1339 3391 1454 3463 proinde
1479 3392 1580 3463 templa
1599 3392 1739 3464 aedificare

86 3482 216 3573 loquitur)
229 3491 311 3547 esium
324 3504 340 3545 e
353 3484 508 3548 conscissis
523 3489 586 3564 ipsis
602 3490 706 3545 nrlnlns
716 3490 881 3561 sumeretis,
934 3482 1062 3541 Auctoris
1086 3492 1167 3548 etate
1178 3498 1234 3556 non
1248 3481 1360 3541 licuisse
1382 3484 1554 3560 exploratum
1577 3493 1622 3543 est
1637 3502 1644 3539 :
1660 3486 1735 3559 quod

87 3577 110 3637 id
136 3588 175 3642 est
207 3582 424 3655 cptacpumcnin
457 3583 513 3646 sine
549 3582 685 3657 saerilepfo
717 3583 798 3642 sites·
831 3601 882 3653 non
934 3598 987 3640 non
1000 3584 1051 3651 nisi
1064 3584 1091 3656 in
1106 3592 1231 3658 quartum
1243 3580 1374 3646 wculum
1386 3580 1486 3636 cadere
1497 3588 1598 3653 potest,
1611 3594 1673 3647 curn
1688 3595 1736 3651 pep

87 3680 170 3741 potat.
933 3680 1100 3739 christianos
1126 3679 1306 3751 imperatores
1329 3675 1464 3733 idolorum
1488 3675 1590 3746 templa
1604 3675 1648 3733 sel
1668 3684 1735 3745 aute

118 3764 288 3842 itrotettses
301 3765 432 3837 editores,
447 3782 517 3839 quita
534 3769 561 3827 itt
584 3768 708 3843 rscpapdu
722 3771 792 3833 sacti
810 3780 878 3832 tent·
932 3771 1069 3829 lulianum
1094 3750 1241 3836 interclusa
1265 3770 1386 3835 fuerunt,
1408 3768 1452 3825 uel
1467 3776 1529 3839 pust
1542 3768 1679 3825 lulianum
1698 3769 1736 3823 ita

86 3858 129 3929 pil.
144 3875 188 3923 teu
207 3862 334 3932 ecclcsiae
347 3864 551 3943 construetione
565 3862 679 3923 nimium
701 3865 817 3934 multum
833 3865 882 3923 de·
933 3868 1058 3933 tolerata,
1072 3874 1183 3924 utuosa
1194 3872 1285 3923 tanuen
1297 3862 1419 3920 construi
1434 3876 1489 3932 non
1500 3863 1734 3936 permitterentur.

86 3964 172 4031 tellite
194 3957 323 4033 vidimus.
338 3971 461 4018 errorem
480 3958 569 4018 errori
594 3958 738 4023 addentes.
753 3961 880 4033 exiguum
932 3956 990 4020 linc
1009 3968 1098 4014 autem
1115 3966 1282 4029 postremum
1298 3964 1404 4027 tempus
1420 3964 1481 4026 post
1493 3953 1594 4011 iuliani
1616 3962 1732 4026 rnortcus¹

86 4044 294 4127 Christianorum
320 4064 464 4116 uunrerum
481 4048 577 4122 eudem
605 4051 631 4107 in
656 4058 772 4109 tractatu
796 4052 824 4120 7,
846 4052 882 4114 ab
932 4053 966 4109 als
988 4055 1107 4114 Auctore
1122 4052 1237 4124 spectari
1251 4059 1359 4120 consent
1371 4066 1406 4107 cx
1422 4058 1500 4116 tract.
1516 4049 1542 4117 5,
1556 4048 1601 4107 ubi
1617 4062 1671 4104 non
1683 4048 1735 4103 mi-

88 4140 196 4221 buctupc
209 4142 425 4221 depppostratum
439 4142 566 4221 produnt.
579 4140 748 4206 Demonstrat
759 4156 819 4205 tene
829 4162 881 4205 reos
933 4160 983 4203 nus
998 4145 1121 4204 ccclesia
1135 4162 1151 4203 s
1166 4142 1340 4215 Christianis,
1354 4159 1437 4216 orsam
1449 4142 1549 4215 templa
1563 4140 1597 4211 ab
1611 4138 1736 4214 Etlrnieip

88 4230 160 4301 luisse
169 4238 226 4314 jans
241 4237 339 4307 temple
357 4234 513 4304 Christianis
536 4248 694 4307 constructe,
717 4240 764 4301 sed
787 4256 881 4301 nouum
932 4238 1039 4313 publice
1056 4238 1141 4306 adita,
1162 4245 1191 4295 et
1209 4238 1323 4301 istorum
1345 4236 1502 4308 sacrificiunt
1521 4231 1629 4309 quidem
1645 4232 1733 4305 pulli-

89 4328 215 4397 nopsluns,
231 4339 256 4387 et
271 4330 408 4396 cunimups
421 4347 527 4394 euntem
540 4334 678 4389 exstitisse.
694 4332 766 4392 llllril
782 4334 879 4400 laisum
931 4346 988 4384 euni
1014 4328 1130 4385 traditur
1154 4344 1229 4396 nrum.
1244 4328 1271 4384 8.
1293 4327 1414 4399 Tempus
1434 4326 1563 4383 nimirum
1586 4322 1659 4381 aliud
1679 4320 1733 4397 sub

89 4419 165 4489 napis
179 4420 332 4501 :siquidem
348 4437 381 4481 eo
391 4422 443 4482 loci
456 4424 507 4481 etsi
518 4424 663 4499 ecclesiam
676 4440 772 4486 noram
782 4440 879 4498 magno
930 4420 1086 4479 citrisrianls
1110 4420 1331 4494 imperatoribus.
1350 4434 1404 4493 quo
1421 4423 1547 4491 paterent
1561 4416 1660 4485 templs
1673 4414 1735 4474 ido·

88 4520 382 4585 ‘tuttumnsuucram
407 4516 434 4572 in
458 4514 576 4588 fidelium
602 4517 774 4582 eorrrmudum
801 4518 879 4577 ualde
931 4514 1032 4582 finum,
1054 4513 1190 4592 simulque
1207 4529 1239 4571 ea
1263 4511 1399 4571 :edificare
1413 4526 1466 4568 non
1481 4509 1585 4576 liceret,
1599 4506 1734 4597 assignari

90 4618 197 4675 capacem
210 4606 336 4677 fateatur,
351 4618 487 4685 enpustnm
502 4616 592 4685 certmst
608 4610 696 4668 adbuc
711 4614 746 4669 ob
762 4611 878 4669 incredi·
892 4610 919 4676 l)
932 4608 1033 4667 nullum
1048 4616 1148 4680 potest.

91 4693 163 4753 bilem
175 4714 268 4758 eorum
282 4700 482 4761 multitudinem
496 4702 578 4761 luisse
589 4706 725 4761 inventurn
740 4704 827 4777 palam
839 4704 879 4761 af·
968 4698 1048 4775 Atqui
1069 4698 1127 4755 baec
1148 4696 1298 4773 patentium
1321 4694 1484 4771 templorum
1507 4694 1732 4779 publicorumque

92 4789 180 4873 ssliful·
194 4794 879 4876 Essefteteipitttt,frmreppsedillrctionensuestrum
931 4793 1129 4849 sacrificiorum
1149 4790 1252 4849 mentio
1272 4790 1389 4849 baronio
1407 4788 1442 4845 de
1456 4788 1598 4844 interdicta
1620 4802 1730 4848 eorsum-

92 4886 139 4957 tede
157 4900 203 4948 tssc
216 4893 248 4961 de
262 4892 362 4970 potede
376 4894 532 4969 ecppotcite,
547 4895 622 4967 cujus
636 4909 736 4965 meque
750 4894 879 4965 capacita-
932 4886 996 4943 deut
1023 4887 1185 4957 wsssplorum
1209 4884 1391 4955 aedificatione
1414 4882 1481 4939 nibil
1503 4880 1731 4939 auirrssdtcrtenti

93 4986 135 5036 tens
149 4981 214 5054 felici
228 5000 336 5063 nemer-o
349 4984 448 5060 fecistis
466 4996 611 5059 capessam.
629 4986 731 5044 Tacitus
745 4996 834 5044 autem
849 4984 881 5046 d·
933 4980 1030 5048 suasit,
1053 4981 1243 5037 rstbuctorern
1267 4986 1329 5033 autc
1341 4986 1467 5049 quartum
1490 4974 1617 5031 saeculnm
1633 4972 1736 5031 fioren-

94 5070 183 5143 delium
203 5091 332 5155 uumerus
354 5078 381 5158 in
404 5088 528 5155 quartum
541 5094 649 5160 qtsoque
662 5078 791 5138 securium
804 5095 880 5142 com·
934 5084 988 5129 tem
1011 5073 1169 5133 defenderet
1182 5092 1189 5129 :
1203 5072 1272 5126 unm
1292 5070 1388 5130 ductor
1411 5069 1569 5142 apertissime
1593 5076 1730 5135 morsurus,

94 5166 165 5245 stude
178 5171 260 5241 cadit,
281 5172 382 5248 quippe
395 5186 456 5231 cum
471 5185 548 5234 antea
562 5172 597 5230 ob
609 5172 815 5248 persecutiones
831 5172 881 5236 im·
932 5166 1062 5224 idolorsnn
1074 5164 1169 5235 temple
1182 5176 1243 5221 tunc
1256 5164 1336 5236 feius
1354 5164 1478 5242 petentia,
1501 5173 1525 5219 et
1538 5162 1654 5217 sistimus
1671 5160 1734 5229 sofi-

95 5257 229 5337 pauimenti
246 5264 390 5339 plurimum
411 5266 546 5340 objectum
569 5275 651 5331 estet,
667 5274 722 5337 lusu
736 5280 770 5323 ue
784 5265 883 5337 predi·
933 5272 971 5317 lus
992 5260 1122 5324 immolari
1132 5276 1142 5325 ‚·
1167 5259 1241 5313 eliud
1255 5258 1412 5329 prorsus'ub
1434 5254 1562 5314 ambrossi
1576 5256 1733 5331 tenspnrilrsp

95 5350 157 5408 filio
169 5357 321 5431 persentiret
331 5358 358 5413 in
369 5356 515 5427 publicum,
530 5368 585 5414 tuus
609 5374 643 5431 pe
662 5358 728 5416 satis
750 5357 827 5420 mulli
847 5360 880 5417 ad
932 5353 1000 5410 illud
1013 5352 1092 5429 fuisse
1103 5352 1225 5412 seculum
1238 5350 1432 5423 ducscropertc
1445 5348 1585 5423 sipnipfcut,
1601 5364 1658 5402 curu
1668 5361 1731 5400 con-

96 5441 167 5502 fidem
181 5451 335 5522 transirent.
351 5448 379 5517 lu
397 5466 475 5523 quam
496 5467 552 5525 pem
566 5453 617 5507 aliu
631 5466 685 5509 nun
697 5451 767 5523 lctis
782 5452 879 5509 confir·
932 5456 980 5503 sset
990 5449 1048 5523 jam
1063 5445 1125 5503 elim
1145 5463 1196 5503 non
1211 5456 1308 5514 tentum
1327 5462 1344 5500 a
1364 5444 1568 5501 Constantino...
1584 5452 1607 5497 et
1627 5438 1729 5494 uGon-

97 5539 259 5623 traducatis
273 5545 431 5621 trapeuibns
451 5547 580 5619 suppetit;
597 5546 642 5619 qui
662 5545 817 5617 complures
835 5560 882 5603 cu·
933 5544 1028 5602 stantia
1032 5581 1086 5597 .....
1099 5542 1213 5599 uictimas
1221 5542 1438 5614 perseuerasset
1447 5533 1730 5610 templep‘ussuclaudi,

97 5628 184 5703 illeille
198 5636 318 5713 umeris,
344 5637 443 5705 clete,
463 5646 561 5708 salus,
583 5635 759 5705 conditionis,
779 5636 834 5693 imo
855 5644 883 5710 et
933 5638 978 5696 sed
990 5654 1021 5693 ee
1033 5647 1146 5709 tempore
1158 5652 1204 5691 nec
1217 5634 1347 5691 Rcrrsnnos
1361 5632 1472 5689 obtinuere
1484 5628 1596 5705 potuisse
1609 5627 1646 5682 sel
1656 5642 1730 5682 nrum

99 5725 418 5807 mrtemsmreebuorepos
432 5746 510 5789 sacro
524 5732 687 5803 baptismate
709 5730 744 5789 ab
764 5732 884 5792 Auctore
933 5747 1012 5785 unuin
1026 5729 1124 5805 eripere
1150 5726 1281 5800 Victpriae,
1303 5734 1331 5781 st
1353 5724 1494 5796 plurimum
1516 5719 1551 5774 nd
1569 5718 1731 5780 fufeminia-

102 5815 240 5901 iipascbpli
253 5823 323 5909 [llll]
333 5824 403 5911 festi
412 5826 493 5901 simpl
506 5826 613 5888 ablutos
622 5825 742 5895 tradunt.
751 5826 818 5888 tide
829 5835 884 5891 tra-
935 5821 1091 5884 transcribit
1104 5819 1262 5886 Ambrosius,
1275 5831 1299 5877 et
1311 5818 1431 5878 adversm
1443 5814 1629 5891 Symmachum
1642 5813 1733 5887 dispu-
