3950 6317
65 365 108 422 rer
640 347 801 408 ntsnomt
820 346 1103 410 massmannus.
1478 331 1480 338 ‘
1646 359 1701 416 cer

64 475 211 547 gilimerem
237 465 388 526 edictionis
414 475 538 540 tempora
571 465 687 523 luissent
712 463 845 521 conelmi.
859 465 1042 538 Agustinus,
1055 466 1098 524 cul
1112 467 1206 528 tltulnt
1220 477 1279 528 erat
1290 469 1331 528 nrt
1344 467 1492 532 Emeritam
1506 471 1702 536 Donatistarum

65 567 122 636 Qua
135 560 344 634 sitilitigatorum
366 558 463 632 effugit
480 557 578 617 merito
599 556 725 617 ridebant
745 555 847 613 Catho-
898 563 1047 635 epicopum
1058 573 1117 635 past
1128 563 1301 636 collationem,
1312 581 1417 640 quotes
1427 569 1523 642 qubus
1534 568 1574 628 illi
1585 570 1701 632 vineun-

64 660 103 718 lici
113 675 119 713 :
131 671 189 713 nam
198 663 355 728 corruptum
367 670 434 710 auro
443 653 559 724 judicem
571 651 656 726 gratis
666 660 694 708 et
706 651 765 707 sine
778 658 847 708 teste
900 665 943 711 tar
955 655 999 712 rel
1013 654 1076 712 victl
1098 671 1159 714 esse
1172 668 1368 731 monstrantur,
1393 662 1513 722 brctlter
1535 665 1701 745 complecte-

64 754 199 818 dicetratur3
214 747 316 821 siquid
331 747 616 820 ueroproponendum
637 751 698 802 erat
716 744 850 841 adremon
898 745 988 804 batur.
1004 745 1136 816 Quilibet
1151 751 1247 822 perlit,
1265 752 1314 810 sed
1336 756 1483 827 estat-eius
1494 755 1606 818 liberde
1617 761 1703 836 gestis

63 863 133 914 euni,
146 845 170 900 id
181 854 243 900 ante
251 841 441 914 disputationis
451 841 592 899 exordium
603 839 694 898 iacere
705 854 753 896 eos
766 853 848 912 opor-
898 854 961 898 eum
971 839 1108 910 Emerita,
1123 853 1151 900 et
1165 859 1257 902 sermo
1270 860 1304 903 eo
1320 835 1457 918 prasente
1469 849 1504 906 ad
1523 850 1700 912 Caesariensis

63 945 151 998 tuerat.
173 936 248 1006 Quod
275 952 330 992 noo
345 935 426 992 modo
441 950 495 992 non
518 933 655 1002 lecerant,
668 935 717 991 ned
732 943 760 990 et
780 931 848 990 olle·
899 933 1031 992 Ecclesia
1046 936 1151 1008 plebem
1166 937 1265 996 dietus.

62 1035 124 1092 renti
135 1040 163 1085 ut
174 1029 255 1084 alium
267 1029 387 1099 judicem
400 1029 445 1101 qui
459 1042 552 1084 secum
572 1025 682 1084 sederet
694 1026 846 1100 eligerent,
934 1033 989 1106 22
999 1030 1143 1088 Concilium
1155 1031 1487 1096 Deucalionem-Circa
1503 1037 1576 1104 idem
1591 1047 1700 1114 ternpus

61 1123 242 1196 responderant
253 1135 284 1178 te
296 1120 413 1178 alterum
427 1120 501 1176 nolle
518 1120 655 1190 judicem,
669 1130 752 1191 atque
774 1119 847 1175 bunc
898 1120 1007 1178 babttus
1022 1133 1063 1180 est
1089 1123 1290 1181 Donatistarum
1303 1135 1468 1198 coturnatas,
1495 1129 1538 1186 cui
1552 1130 1700 1189 Petilianus

61 1220 156 1292 prolire
169 1230 222 1272 nou
236 1215 323 1271 mmet
344 1215 520 1270 laudaverant
535 1231 542 1268 ι
557 1213 629 1285 quod
652 1213 687 1270 ad
710 1212 846 1270 actionem
898 1230 960 1272 cum
974 1214 1035 1274 aliis
1051 1216 1191 1290 plusquam
1206 1219 1314 1290 triginta
1326 1223 1463 1293 episcopis
1473 1223 1606 1281 interluit.
1622 1223 1649 1281 ln
1664 1239 1698 1282 eo

61 1313 185 1385 partina,
200 1309 347 1380 unicuique
358 1309 500 1380 clepsydra
515 1307 621 1380 adjecta
643 1306 774 1381 quidquid
798 1321 848 1362 ro·
898 1309 1043 1367 consilium
1057 1309 1194 1381 inierunt,
1209 1327 1264 1384 quo
1285 1323 1365 1386 pacto
1388 1315 1487 1372 edictis
1505 1315 1605 1390 quibus
1629 1318 1699 1376 adeo

62 1410 146 1464 luisset
167 1415 193 1462 et
210 1416 339 1478 parasitum
362 1405 495 1462 uoluisset
518 1405 625 1462 dicendi
647 1404 782 1461 licentiam
796 1403 846 1460 de·
899 1404 1105 1475 premebantur,
1117 1403 1225 1460 obviam
1240 1405 1328 1474 irent,
1350 1422 1411 1464 com
1425 1407 1583 1466 siderentur
1603 1426 1633 1468 se
1650 1427 1698 1484 po·

60 1499 135 1556 disse.
158 1498 197 1554 De
215 1513 240 1553 rt
254 1498 328 1554 illata
340 1498 402 1570 quia
424 1499 451 1554 in
470 1495 634 1569 Gatrgilianis
655 1497 782 1553 liter-mis
805 1496 847 1553 in·
898 1497 954 1554 tius
968 1498 1091 1568 pristinis
1102 1497 1209 1570 ignibus
1223 1497 1314 1556 daturi
1328 1499 1394 1573 (imo
1412 1501 1439 1558 id
1465 1503 1554 1574 reipsa
1577 1501 1701 1564 lacerent

61 1593 121 1648 clusi
134 1592 238 1647 lucrant
263 1605 317 1646 non
345 1593 432 1662 stragis
453 1587 586 1661 cariquerl
609 1604 707 1660 mese,
721 1591 744 1645 si
769 1589 847 1647 locus
900 1605 950 1664 epe
963 1592 1079 1667 nominis
1089 1602 1239 1666 martyrum
1251 1593 1324 1666 apud
1342 1610 1406 1651 suos
1422 1595 1555 1670 potiundi)
1572 1613 1653 1670 quam
1669 1609 1700 1655 ut

60 1684 146 1740 luisset
157 1681 290 1755 querelae,
302 1681 454 1738 catholicos
466 1697 548 1752 auant
564 1681 719 1738 Donatistae
730 1697 791 1740 cum
808 1681 845 1739 ibi
900 1684 928 1740 iu
944 1682 1048 1740 insulas
1059 1682 1277 1758 deportarentur.
1301 1685 1330 1742 ln
1345 1685 1442 1744 eodem
1459 1699 1594 1748 conterno
1616 1690 1701 1748 abiis

60 1779 158 1848 utrique
173 1785 264 1832 essent
280 1784 330 1831 :at
343 1773 480 1847 quomodo
494 1789 544 1846 pro
565 1789 675 1832 carcere
696 1772 848 1830 habebatur
897 1776 927 1834 id
937 1787 1068 1834 statutum
1092 1787 1156 1836 est:
1184 1777 1220 1836 iit
1230 1782 1274 1851 qut·
1288 1781 1422 1838 catholicis
1436 1783 1698 1855 communicaverint,

59 1876 127 1932 loeus
147 1873 191 1928 ubi
204 1881 264 1929 erat
277 1880 306 1927 et
329 1870 413 1944 judea
428 1882 456 1928 et
469 1873 496 1928 in
507 1885 562 1943 uuo
573 1871 672 1925 retenti
694 1885 748 1924 nott
760 1877 844 1937 sunt,
860 1873 1078 1953 Bepiscoposnm
1099 1870 1139 1926 nei
1157 1871 1364 1944 presbyterorum
1387 1875 1523 1930 cantanti
1541 1874 1700 1952 sacrifitium

58 1969 101 2026 sed
126 1968 194 2024 unde
207 1968 311 2024 dimissi
335 1967 444 2040 quando
467 1964 685 2022 rulaerrtntch
710 1964 845 2020 senmntia
897 1983 950 2024 non
965 1965 1103 2022 obtainint
1118 1976 1162 2022 aut
1181 1968 1210 2022 in
1224 1967 1321 2040 populo
1336 1984 1387 2023 nort
1408 1970 1591 2040 tractarerint,
1609 1971 1644 2025 ad
1657 1987 1700 2028 ue·

58 2075 131 2120 noctu
143 2064 194 2120 lata
207 2061 324 2118 lorensis
350 2061 454 2118 rabulae
466 2059 591 2116 Petiliani
615 2056 752 2114 cavillatio
766 2064 844 2123 entt;
896 2061 968 2117 niam
980 2059 1130 2131 parentant
1144 2069 1169 2114 ct
1180 2059 1207 2114 in
1222 2061 1275 2116 tuit
1286 2059 1426 2117 bononias
1438 2062 1606 2136 recipiantur.

58 2155 118 2212 nilril
131 2153 202 2212 entim
213 2154 304 2211 obstat
322 2154 388 2226 quio
402 2155 425 2208 si
445 2167 527 2209 causa
542 2151 677 2221 postulet,
688 2148 790 2205 dlutius
801 2149 846 2219 ju·
934 2151 1133 2208 Donatistarum
1158 2153 1270 2208 rethma
1289 2151 1501 2210 debilitatum-
1514 2155 1620 2212 Interea
1634 2155 1699 2212 Dul-

58 2249 103 2305 dex
116 2249 196 2318 possit
208 2247 289 2303 etiam
306 2245 413 2303 sedere.
427 2243 608 2302 Nihilominus
622 2243 680 2299 hnc
693 2241 846 2298 Donatista-
895 2245 1127 2306 eitius.'l'ribunus
1141 2255 1168 2304 et
1181 2245 1310 2304 Nonrlus
1337 2246 1519 2319 lmperlnlium
1541 2247 1699 2328 jussianum

58 2359 111 2398 rum
123 2342 303 2399 calumniandi
316 2341 430 2397 audacia
442 2348 523 2413 atque
536 2338 674 2409 protervia
698 2337 733 2393 ita
756 2337 845 2393 incre-
896 2351 991 2400 contra
1003 2341 1158 2399 Donatistae
1171 2342 1199 2398 ln
1209 2340 1302 2398 Alrica
1317 2350 1458 2412 executor,
1474 2357 1571 2416 poenas
1593 2342 1699 2416 legibus

58 2437 108 2501 tis,
131 2442 159 2489 ut
181 2435 215 2490 dc
236 2433 359 2490 ῐθῑῠθΰῑθ
379 2432 542 2505 ²DD⁰¹¹⁰¹¹d⁰
565 2429 662 2487 Piitet
676 2428 796 2486 illiciti
817 2425 845 2484 in
898 2435 926 2492 in
940 2449 990 2492 eos
1002 2435 1122 2492 solicitas
1142 2447 1238 2490 seuere
1256 2433 1400 2506 exigebat,
1416 2433 1584 2493 intestabiles
1609 2435 1700 2492 Dona-

58 2541 192 2587 commuae
205 2526 393 2586 consmueriat
406 2527 434 2585 in
448 2526 553 2598 syuodo
568 2523 688 2584 cirtensi
709 2537 758 2582 scu
779 2521 846 2582 Zet·
897 2525 976 2584 tistas
991 2541 1053 2584 esse
1067 2524 1241 2592 decimabat,
1265 2525 1381 2582 mulctas
1402 2525 1550 2600 imperatas
1572 2528 1699 2601 impone·

58 2622 120 2676 tensi
137 2635 207 2675 anno
230 2629 292 2691 post
317 2619 490 2680 collationem
504 2617 615 2687 habito,
637 2619 715 2690 cujus
735 2617 846 2674 nomine
896 2620 961 2686 hat,
976 2617 1103 2676 basilicas
1116 2632 1209 2675 eorum
1222 2627 1250 2674 et
1262 2617 1332 2674 hona
1345 2617 1469 2676 ecelesiae
1486 2619 1628 2678 catholicae
1648 2620 1699 2678 ad-

58 2713 213 2785 lugrrsrirrus
224 2712 368 2785 epistolam
378 2713 535 2788 scripsitad
548 2711 701 2770 Donatistas
714 2710 780 2768 olim
792 2723 846 2771 cttt
896 2710 1050 2783 iudicabat,
1064 2712 1208 2786 episcopos
1230 2717 1258 2770 et
1281 2711 1395 2772 clericas
1414 2710 1443 2770 in
1469 2712 1572 2768 insulas
1595 2721 1699 2784 etpro·

58 2799 122 2862 tratre
144 2821 222 2874 ortt,
245 2822 297 2878 qua
312 2805 466 2878 hujusmodi
489 2805 651 2864 calumniam
666 2803 753 2864 diluit.
779 2805 846 2862 Data
896 2804 1000 2860 vincias
1014 2803 1174 2876 longinquas
1196 2802 1336 2860 eiulatum
1356 2803 1493 2862 mittebas.
1509 2803 1595 2876 liujus
1617 2806 1701 2878 igitur

58 2910 96 2954 est
108 2915 172 2955 xrtn
184 2898 294 2956 kalend.
310 2898 406 2957 iulias.
896 2895 1035 2969 tigmine
1043 2896 1185 2952 mollitum
1197 2896 1372 2968 temporisne
1386 2895 1537 2954 Ecclesiam
1545 2894 1699 2966 redieruut,

90 2993 328 3051 Mortdlarcellint.
342 2994 511 3066 Confirmatio
529 2995 662 3051 annuatia
686 2994 846 3052 llarcellt‘nl.
898 2999 927 3050 et
941 2991 1090 3049 Dorratiaaa
1112 3001 1204 3060 secta,
1220 3006 1282 3064 qum
1306 3000 1387 3048 antea
1410 2990 1438 3048 in
1461 2991 1552 3048 anna
1574 2991 1701 3064 uigebat,

57 3090 131 3143 -llt
153 3087 301 3146 Donatistae
322 3102 377 3146 non
398 3089 520 3149 conteuti
542 3087 690 3147 Marcellini
714 3088 848 3148 bonorem
898 3085 983 3144 tracta
995 3095 1022 3142 et
1036 3085 1174 3147 debilitata
1186 3099 1298 3157 prorsus
1312 3094 1365 3144 est.
1378 3085 1414 3149 nt
1426 3084 1549 3147 nonnulli
1565 3083 1593 3168 in
1612 3085 1701 3158 perri-

58 3180 191 3237 calumuiis
203 3181 262 3237 suuis
276 3181 426 3249 inlamare,
450 3181 533 3236 vitam
545 3179 626 3236 etiam
638 3182 846 3254 appetiverunt,
899 3176 974 3236 caela
988 3192 1038 3234 sun
1053 3177 1180 3236 obstinati
1191 3177 1392 3250 perdurabant,
1405 3193 1521 3250 quorum
1536 3177 1582 3234 atii
1603 3177 1699 3234 basili-

57 3283 92 3339 et,
105 3274 179 3346 quasi
199 3272 369 3334 heraclianae
384 3273 513 3333 lectionis
525 3273 676 3342 homirretn,
686 3273 737 3332 snb
746 3272 847 3332 inuidia
860 3289 885 3354 ο
900 3288 947 3330 cas
962 3287 997 3331 ne
1009 3271 1156 3332 Catholicis
1184 3271 1333 3340 traderent,
1360 3271 1408 3328 alii
1429 3285 1479 3342 pre
1492 3284 1542 3328 sua
1559 3283 1637 3328 more
1649 3283 1699 3326 aa·

60 3368 200 3439 tyrannidis
219 3383 381 3442 oppressum
403 3369 466 3435 licet
488 3370 679 3439 innocentem,
704 3371 791 3429 utdie
812 3369 850 3426 lb
900 3364 1168 3436 rio-orosgemre
1181 3373 1298 3426 martem
1322 3365 1375 3426 tibi
1388 3365 1703 3436 commestoreutpro

59 3459 217 3532 Septembris
231 3462 298 3518 anni
309 3463 374 3530 tta,
385 3461 464 3532 jusso
476 3462 571 3522 iinriui
585 3464 693 3521 comitis
703 3465 750 3536 qui
763 3463 849 3520 tlara·
900 3459 1065 3537 martyribus
1079 3459 1254 3525 haberentur.
1271 3457 1398 3517 Nonnulli
1410 3457 1439 3512 in
1452 3457 1602 3515 catltolieos
1614 3457 1702 3514 irrue·

59 3554 167 3611 citarum
186 3558 214 3613 io
236 3555 328 3613 ntrtca
350 3556 552 3624 debellaverat,
572 3556 661 3628 capite
684 3557 849 3628 plecteretur
901 3550 1008 3607 santet
1021 3566 1054 3607 ex
1068 3550 1102 3608 iis
1115 3551 1248 3625 plurimos
1263 3550 1324 3608 nect
1336 3549 1499 3606 tradebant:
1514 3548 1580 3606 dntn
1602 3563 1701 3608 tcon-

59 3648 209 3706 eiecerunt.
224 3649 294 3706 ltine
311 3649 483 3705 occasionem
500 3657 643 3721 creperum
658 3648 797 3720 jactitasti
813 3649 852 3706 ir·
902 3655 943 3700 tra
958 3643 1084 3702 catholici
1100 3645 1236 3702 antistites
1249 3643 1365 3706 sollicite
1376 3642 1474 3700 morsis
1494 3657 1603 3716 poenttn
1617 3656 1634 3698 a
1647 3642 1701 3702 Do·

59 3741 133 3795 titam
148 3757 209 3798 esse
220 3741 353 3814 iudicium
368 3757 383 3796 a
399 3741 557 3798 llarcellino
574 3743 657 3797 latum
674 3761 682 3797 :
701 3741 773 3814 quod
788 3757 850 3800 cum
902 3739 1063 3794 antistatum
1079 3739 1168 3810 capite
1181 3737 1365 3812 depulsarcnt.

58 3833 230 3892 intellexisset
244 3833 396 3904 Honorius,
411 3834 615 3892 severissimam
639 3834 666 3889 in
692 3849 741 3892 eos
761 3834 849 3908 legem
939 3828 980 3887 Dc
994 3829 1142 3888 Gaudentio
1153 3815 1410 3906 litiumriseri-
1420 3829 1487 3890 Cum
1501 3831 1634 3890 malorum
1650 3831 1701 3889 ltu·

60 3925 172 3984 tulltdie
190 3926 228 3982 En
250 3927 325 3984 lunii
350 3927 414 3984 anni
437 3924 505 3994 ttt,
532 3936 560 3982 et
583 3926 635 3982 alia
650 3926 709 3998 lege
729 3925 793 3983 data
814 3927 852 3986 30
900 3923 1053 3998 juseemodi
1067 3924 1121 3982 dut
1135 3932 1162 3982 et
1176 3924 1218 3982 lat
1233 3935 1305 3982 essct
1317 3923 1485 3984 Gaudentius
1495 3915 1704 3999 'thamugaden-

58 4015 237 4090 Augustianni
247 4019 318 4091 lla,
333 4021 428 4078 statuit
440 4035 472 4078 ea
483 4035 570 4092 quma
585 4020 754 4090 llarcellino,
769 4037 850 4095 quem
902 4021 952 4090 sis,
969 4035 1039 4077 unus
1058 4036 1074 4077 e
1088 4029 1192 4092 septem
1211 4021 1350 4080 actoribus
1365 4022 1564 4080 Donatistarum
1579 4023 1607 4078 in
1620 4019 1704 4078 colla·

60 4112 198 4180 rpenatilis
226 4113 351 4169 memoria
377 4113 462 4168 anans
484 4111 623 4184 appellat,
644 4113 672 4170 in
694 4114 851 4172 Donatistae
904 4114 993 4184 tione,
1019 4113 1094 4171 dedit
1115 4113 1149 4170 ad
1172 4113 1249 4172 illum
1273 4115 1380 4174 litteras
1396 4114 1531 4172 Dulcititts
1556 4113 1704 4173 exhortans

60 4213 219 4273 gesserant
232 4214 262 4264 et
275 4207 303 4262 in
316 4206 423 4278 publica
443 4215 619 4264 monomenta
639 4206 786 4277 translata,
802 4207 851 4267 ir·
903 4225 966 4270 eom
993 4211 1028 4268 ad
1042 4209 1172 4266 unitatem
1188 4209 1350 4268 catholicam
1376 4219 1405 4270 et
1428 4208 1589 4268 dissuadens
1613 4209 1706 4266 incen-

61 4298 175 4357 mitatem
190 4309 347 4374 perpetuam
362 4302 473 4361 nabere.
903 4306 1046 4378 diemque
1061 4319 1091 4363 se
1101 4320 1133 4361 sc
1147 4319 1212 4362 suos
1233 4319 1295 4362 cum
1316 4303 1375 4376 ipsa
1400 4303 1523 4362 Ecdesla
1543 4315 1705 4362 consumere

91 4392 148 4450 lion
160 4396 261 4452 melius
283 4396 431 4453 Donatistis
443 4397 529 4460 cessit
547 4397 701 4468 importuna
715 4396 785 4468 apud
799 4395 854 4454 Bo·
904 4399 1058 4456 minabatur
1073 4396 1197 4454 :addens
1211 4396 1292 4454 etiarn
1317 4406 1347 4453 ut
1361 4397 1384 4454 si
1402 4411 1432 4454 se
1444 4397 1534 4468 justos
1558 4403 1705 4470 putarent,

61 4486 181 4544 nilacirrm
203 4490 332 4548 comitem
348 4490 546 4562 interpellatio,
561 4491 607 4560 oui
621 4489 729 4561 rejectis
744 4491 855 4546 menda·
905 4494 1031 4565 lugerent
1045 4493 1134 4564 potius
1147 4491 1295 4550 secandum
1309 4499 1475 4564 praeceptum
1485 4491 1592 4548 Dominl
1604 4489 1708 4548 christi

61 4579 226 4640 cissimorum
242 4583 383 4640 hominum
404 4583 547 4640 calonnniis
571 4583 715 4655 Augustini
738 4584 853 4640 consilia
906 4603 987 4662 quant
1003 4601 1033 4643 se
1047 4585 1171 4644 nciattdls
1185 4585 1292 4658 ignibus
1314 4591 1532 4642 concremarent.
1555 4582 1708 4656 Respondit

61 4679 233 4748 pretulitsihi
247 4682 404 4752 praecripta
419 4681 445 4737 ln
460 4681 562 4738 etimio
574 4681 623 4736 illo
638 4681 708 4738 libro
721 4695 770 4738 seu
783 4682 895 4756 epis-1)
907 4678 1077 4738 Gaudentius
1092 4678 1196 4736 duabus
1211 4677 1325 4746 litteris,
1341 4677 1465 4735 breuiore
1475 4693 1546 4746 una,
1562 4679 1707 4734 festinante
1762 4683 1763 4686 ’

63 4770 112 4826 tola
122 4788 182 4843 quae
192 4783 236 4830 est
247 4775 282 4831 de
295 4773 476 4830 correctione
488 4773 701 4859 Donatistarum.
909 4784 938 4831 ut
950 4773 1059 4831 aiebant
1070 4773 1205 4844 perlatore
1215 4771 1289 4842 ,alia
1305 4772 1427 4845 prolixa,
1442 4773 1518 4844 quasi
1541 4773 1648 4844 plentius
1663 4771 1706 4828 dl·

95 4863 390 4940 Gestarlapnstint'cant
406 4868 568 4926 Emerito-
578 4870 658 4928 Asino
679 4870 744 4938 lli,
771 4870 856 4942 prima
907 4868 1089 4941 ligentinsque
1122 4865 1301 4938 respondens.
1327 4865 1458 4924 Dulcitius
1483 4865 1577 4922 ambas
1604 4873 1634 4921 ut
1661 4877 1709 4922 eas

63 4955 133 5026 llaii,
148 4961 311 5018 uniuersalis
325 4961 435 5019 concilii
456 4963 675 5034 Cartttaginensis
690 4961 784 5019 Patres
808 4963 856 5022 de·
908 4963 1054 5022 Gaudentii
1077 4963 1207 5036 epistolas
1221 4961 1387 5020 existimatis
1404 4959 1438 5015 ad
1454 4975 1515 5016 enm
1528 4971 1588 5014 esse
1600 4957 1711 5015 ntltten-

63 5065 131 5110 creta
156 5055 301 5114 cotididere
314 5059 351 5114 arl
366 5057 563 5129 extittguentlas
586 5056 746 5115 Donatianae
771 5039 855 5114 sectae
910 5057 960 5114 das
974 5057 1132 5124 refelleret,
1146 5055 1280 5126 sintulque
1295 5071 1357 5110 eum
1374 5067 1424 5125 per
1437 5051 1543 5109 litteras
1556 5050 1710 5120 consuluit,

64 5149 200 5220 reliquias.
215 5151 386 5209 llensetero
399 5151 544 5224 septembri
565 5167 706 5224 prortrno,
727 5166 789 5207 cam
802 5151 857 5210 Αιι-
910 5151 1047 5224 quodnam
1062 5151 1122 5208 istis
1138 5149 1272 5207 haereticis
1291 5163 1451 5222 responsum
1477 5145 1537 5205 dari
1560 5157 1710 5221 oporteret.

63 5244 182 5314 gostinus
196 5244 267 5316 apud
281 5244 378 5302 lulium
389 5245 542 5302 Caesaream
556 5254 712 5301 uersaretur
722 5261 783 5302 cum
800 5245 859 5318 qui·
909 5245 1073 5320 nttgustinus
1086 5244 1180 5302 anthus
1204 5242 1349 5301 Gattrlentii
1370 5240 1499 5312 epistolas
1514 5255 1569 5297 uno
1584 5240 1655 5297 libro
1667 5254 1711 5298 re-

65 5333 172 5394 busdam
192 5339 320 5413 collegis,
338 5342 457 5398 occurrit
472 5341 542 5398 lortc
566 5342 592 5396 in
613 5339 764 5398 Etrteritum
779 5342 859 5414 ltnjus
910 5339 1035 5411 darguit,
1050 5339 1095 5410 qtti
1120 5353 1181 5400 cunt
1207 5335 1233 5392 in
1258 5334 1380 5405 ejusdem
1405 5333 1573 5406 pervertisset
1596 5345 1710 5402 mortus,

66 5431 136 5486 urhis
149 5434 306 5505 episcopum
317 5449 350 5491 en
367 5442 443 5505 parte
456 5432 573 5500 Donati,
584 5436 630 5507 qui
644 5451 715 5492 ursus
727 5435 815 5492 luerat
824 5451 859 5492 ea
911 5431 1054 5502 rescripsit
1066 5431 1110 5488 ille
1124 5430 1196 5504 quod
1208 5430 1231 5485 ei
1247 5432 1404 5493 nisumes13
1426 5424 1473 5482 sed
1487 5425 1652 5496 Augustinus
1674 5440 1714 5482 re·

66 5523 197 5582 actoribus
210 5527 384 5596 collationis,
399 5542 479 5598 quinus
503 5541 564 5581 cnm
589 5527 623 5583 nd
637 5527 788 5585 Ecclesiam
813 5527 861 5585 ad·
912 5527 1087 5599 sponsionem
1103 5525 1161 5596 ejus
1177 5522 1340 5590 contempsit
1360 5535 1408 5576 nec
1423 5518 1530 5589 dignam
1552 5516 1714 5575 refutatione

68 5617 199 5686 duxisset,
216 5635 277 5676 curu
290 5636 324 5678 eo
336 5629 495 5678 concertare
508 5619 603 5674 noluit.
616 5618 653 5675 At
674 5619 813 5678 Emeritos
826 5635 861 5677 ne
912 5621 1054 5693 iudicauit.
1067 5619 1107 5676 Ad
1120 5619 1283 5690 postulatum
1298 5631 1362 5671 nero
1377 5613 1482 5670 Dulcitii
1493 5613 1633 5684 respondit
1648 5615 1714 5672 istc·

69 5715 165 5772 mutire
177 5714 287 5788 quidem
301 5723 348 5772 aut
367 5716 476 5771 hiscere
492 5727 574 5773 ausus
586 5723 646 5779 est,
667 5725 696 5770 et
719 5714 863 5787 Augustini
914 5730 975 5772 ιιιιιι
990 5713 1123 5769 insaniam
1137 5727 1191 5770 non
1205 5711 1303 5768 debere
1317 5707 1426 5766 obstare
1441 5705 1585 5774 rodominus
1600 5704 1633 5762 ad
1649 5706 1713 5764 uni-

69 5823 219 5865 sermonem
245 5807 378 5880 patienter
402 5817 496 5863 cotttra
520 5807 722 5878 suos,audit·it.
749 5805 862 5864 Lilsrunt
916 5813 999 5862 tantem
1014 5801 1341 5860 laciendamallaltotaret
1354 5807 1382 5856 et
1395 5795 1613 5876 l’riacipisleges
1633 5814 1716 5859 exse·

72 5901 149 5974 paulo
162 5912 228 5964 ante
239 5904 371 5964 adsersus
391 5904 464 5962 hunc
476 5901 627 5961 Emeritam
640 5903 786 5976 scripserat
808 5901 864 5960 Au·
916 5898 1021 5956 cutioni
1034 5895 1219 5954 demandaret.
