3950 6317
80 293 125 354 ist
596 289 879 350 nntlnntntonun
897 291 1196 358 dissenentium.
1656 303 1710 361 550

80 411 234 486 potiorijurc
249 419 413 467 reservetur.
427 407 496 466 ilinc
510 407 590 478 igitur
604 407 734 462 lectorum
749 406 860 462 rationi·
874 413 900 474 Λ
912 412 1000 468 nullas
1015 415 1144 486 epistolas
1164 419 1217 490 jam
1237 419 1301 476 alibi
1320 429 1383 476 anm
1407 419 1494 480 editas
1506 421 1709 490 recuderimus,

80 511 132 574 lms,
148 505 205 562 inde
224 503 326 560 Cursus
348 504 432 560 rtttstri
456 505 551 558 unitati
566 501 753 567 conuenientes,
769 499 858 558 nullas
911 505 1061 562 notandum
1077 519 1135 576 est,
1156 510 1215 566 illas
1240 513 1369 584 epistolas
1393 531 1462 582 uon,
1488 525 1517 572 ut
1542 517 1577 572 ila
1598 515 1706 584 dicam,

78 602 168 658 clune
180 598 314 670 impensas
324 600 349 652 iu
360 595 522 668 supcrlluam
536 595 704 652 reensionem
717 595 855 662 iaciemus,
911 607 1023 669 propter
1037 617 1066 656 se
1081 601 1177 670 citari,
1192 606 1269 676 qnasi
1285 605 1387 662 llilario
1402 623 1416 662 a
1434 609 1595 680 quibusdam
1610 625 1709 680 perpe·

77 693 138 750 nibil
152 692 256 746 otttuiuo
270 691 441 761 exscripturi,
457 687 857 759 uisiobscrtationesquasdam
911 703 968 744 ratu
992 691 1121 759 tributas;
1145 695 1191 750 sed
1206 699 1297 766 operis
1311 697 1433 755 ltistorici
1457 715 1471 752 a
1489 699 1517 757 S.
1536 700 1639 757 llilario
1652 701 1710 758 eln-

77 784 244 842 albtllerioiis
258 781 321 838 buic
333 781 458 838 editionis
469 797 524 836 sua·
535 781 594 836 loco
606 779 769 850 praemissas.
780 778 858 848 Quod
909 781 1016 839 cubrati
1038 791 1142 856 partem
1169 787 1347 860 integrantem
1369 792 1553 861 constituere,
1577 808 1627 850 nec
1649 794 1709 850 sine

76 891 156 936 sutem
170 878 201 934 ad
213 879 267 950 ipsa
281 892 362 948 opera
375 889 535 949 pru-semem
545 873 723 946 appendicem
733 874 855 930 elicies·
909 872 1020 931 lectoris
1034 877 1158 934 molestia
1179 895 1194 934 a
1217 881 1303 936 sancti
1318 883 1442 956 Epi-copi
1465 886 1708 956 argumentationi·

78 977 109 1030 tia
121 973 247 1046 pertinet,
263 971 390 1028 lectorem
404 986 438 1027 eu
458 978 592 1026 iuratorum
607 985 654 1026 um
668 980 696 1024 el
710 985 737 1025 tx
758 969 858 1026 biblio-
908 965 978 1034 bus,
996 969 1092 1038 unibus
1114 971 1344 1040 intermiscentur,
1362 977 1482 1046 potuisse
1504 977 1608 1036 diuelli.
1631 979 1708 1038 Unde

79 1069 255 1124 tbrcseoostrae
266 1066 445 1132 reminemus,
457 1064 504 1120 ubi
517 1063 690 1120 Potamiiuec
703 1063 856 1120 tronllilarii
910 1060 1123 1132 satissupcrque
1138 1077 1199 1118 curu
1224 1066 1463 1134 contradictionis,
1489 1078 1545 1124 tunt
1566 1070 1708 1140 imperitia

76 1167 192 1216 tractatus
205 1157 247 1212 bic
259 1167 422 1213 memoratos
433 1155 525 1228 legere
537 1165 589 1222 est,
605 1155 639 1211 dc
652 1168 747 1210 sancto
757 1154 857 1210 llusilio
909 1153 1014 1209 crimen
1030 1152 1189 1226 effugimus,
1211 1157 1246 1212 de
1260 1167 1371 1225 cetero,
1390 1159 1452 1230 quia
1477 1173 1507 1218 se
1531 1160 1707 1232 datoccusio,

75 1261 190 1322 rogantes
210 1260 239 1306 nt
252 1250 341 1306 Patris
355 1250 429 1306 illins
442 1248 559 1320 Operum
582 1249 728 1306 editionem
743 1263 855 1320 rrspcc·
908 1253 1068 1315 tttonenlcs,
1083 1247 1123 1302 sic
1140 1263 1189 1302 tros
1203 1247 1229 1304 in
1242 1249 1375 1306 similibus
1390 1249 1601 1308 circumstantiis
1614 1261 1710 1324 pestu-

74 1355 125 1401 nre
136 1346 206 1402 relit.
909 1351 956 1394 ros
969 1347 998 1391 ut
1008 1338 1235 1410 scrupulosiorem
1245 1341 1455 1415 liberioremque
1465 1343 1562 1415 aperit
1574 1345 1707 1402 rationem

104 1440 135 1492 tlt
147 1450 218 1502 rero,
230 1451 276 1506 nc,
290 1436 330 1494 sic
339 1447 451 1508 agentes
462 1436 541 1493 nobis
554 1433 621 1510 ipsis
633 1451 754 1508 pugnare
763 1436 856 1492 sitlea-
908 1433 1011 1503 pariter
1024 1435 1149 1492 vitemus.
1253 1435 1289 1492 lt.

72 1547 135 1600 mur,
150 1539 178 1586 ut
190 1531 234 1602 qni
249 1530 409 1588 insecundo
422 1540 496 1588 tomo
506 1531 536 1589 S.
552 1530 645 1588 llitarti
656 1530 776 1602 Operum
788 1547 856 1586 uon·

227 1817 235 1834 ·
319 1767 400 1840 Μ
420 1784 877 1860 ennunnmtonum
903 1784 1359 1866 onsnnvnntonns

360 1941 498 2006 eninm
519 1940 688 2030 zenonts
722 1942 888 2008 oblinunt
921 1941 1134 2008 anennutct
1171 1945 1403 2014 tumuisset.

99 2209 118 2264 l.
135 2207 276 2264 Tractatns
297 2207 358 2262 illos
380 2205 505 2263 undecim
520 2204 621 2280 (inape
637 2205 704 2260 deos
722 2199 851 2266 Potomii,
867 2199 1017 2260 Bomniuo
1030 2205 1172 2266 adhaerens
1188 2212 1295 2269 inventa
1315 2225 1405 2285 esset,
1427 2205 1524 2275 iotam
1548 2219 1707 2290 iuterpreta-

69 2301 157 2358 llilorii
170 2301 290 2374 rainone,
304 2298 396 2356 llosilii
413 2301 543 2372 quattor),
558 2301 603 2371 qui
616 2314 650 2356 er
665 2297 748 2354 variis
758 2304 853 2352 aucto·
904 2296 1004 2350 tionem
1020 2312 1051 2353 se
1068 2299 1162 2358 iniisse
1181 2301 1281 2360 ibidem
1298 2307 1449 2377 prolltctur.
1464 2309 1541 2376 Quod
1560 2313 1583 2367 si
1604 2314 1705 2382 reperi,

68 2399 134 2453 ribus
147 2399 173 2453 itt
192 2413 243 2453 ms.
262 2397 390 2452 bentensi
412 2395 501 2452 alicua
515 2409 596 2450 mauu
609 2390 771 2450 Zenomanis
788 2388 852 2446 snb·
904 2385 1002 2457 inquil,
1017 2389 1221 2462 interpretatum,
1237 2405 1320 2452 tomen
1334 2410 1438 2468 propter
1452 2399 1642 2474 dilipettriorem
1654 2407 1708 2460 ueri

66 2494 133 2562 iecti,
145 2493 179 2549 ab
190 2493 251 2548 aliis
262 2507 327 2548 reru
335 2490 548 2547 :matinensibus
560 2488 588 2544 itt
602 2489 717 2544 aliorum
727 2485 852 2542 codicum
904 2479 993 2547 fidon,
1007 2483 1111 2539 uerbera
1123 2495 1147 2541 el
1160 2488 1236 2542 uerbo
1248 2488 1330 2546 moini
1347 2495 1488 2564 transferre
1500 2497 1532 2548 de
1546 2494 1647 2550 Greci.
1665 2495 1708 2551 ln-

68 2588 133 2643 „poe
147 2585 240 2644 ,opem
260 2587 357 2644 ,fppffl
370 2584 521 2657 eademque
536 2599 618 2640 manu
632 2581 804 2647 ιηῃςρήῃιῑ,
820 2593 853 2634 ae
904 2576 1107 2640 terpretatiouis
1119 2587 1209 2634 autern
1222 2592 1360 2638 auctorem
1371 2585 1393 2638 si
1406 2585 1466 2654 quis
1477 2600 1491 2638 a
1503 2585 1582 2641 nobis
1592 2596 1705 2658 querat,

68 2697 111 2751 pro
120 2680 277 2737 Zenottiauis
290 2680 325 2736 ab
335 2679 485 2745 editoribus
496 2678 590 2745 babiti,
603 2679 673 2733 iuter
683 2674 853 2730 Zenouiauos
905 2665 1031 2724 {inlinunt
1059 2671 1259 2742 Aquileieuscm
1273 2675 1461 2748 presbyterum
1477 2693 1537 2734 csse
1552 2679 1704 2750 opinamur.

68 2775 212 2842 permistim
223 2773 288 2828 editi
300 2772 460 2845 snut(unod
473 2766 852 2826 omniumcontrorersiarum
904 2759 983 2816 llnnc
996 2764 1068 2819 enim
1085 2766 1228 2822 nonnullas
1251 2783 1286 2824 cx
1300 2768 1390 2824 Basilii
1404 2767 1522 2826 bomiliie
1535 2770 1631 2828 Latine
1643 2774 1706 2829 red-

68 2881 138 2922 cmsa
159 2864 297 2936 potissima
312 2866 355 2922 rel
370 2863 479 2920 occasio
499 2863 579 2936 tuit),
595 2877 644 2918 uos
665 2877 738 2916 nunc
758 2873 854 2915 manu·
904 2852 1006 2912 didisse
1026 2857 1085 2922 ipsc
1108 2857 1135 2912 in
1156 2857 1268 2916 bistoria
1284 2861 1351 2918 satis
1375 2861 1464 2934 prodit
1486 2862 1534 2920 lib.
1557 2879 1591 2931 rt,
1615 2880 1665 2939 cap
1678 2865 1705 2923 9.

68 2962 293 3032 scripturaruum,
307 2970 336 3018 et
348 2959 431 3015 certis
444 2958 552 3015 iudiciis
564 2957 671 3022 urorriti,
683 2964 824 3027 separatos
837 2969 853 3008 a
906 2947 991 3004 Porro
1003 2950 1067 3023 styli
1082 2953 1151 3009 ratio
1166 2962 1193 3007 et
1206 2951 1400 3026 interpretandi
1413 2958 1539 3024 libertas,
1556 2974 1615 3028 quae
1631 2957 1708 3016 bisce

67 3055 162 3110 ceteris
175 3053 202 3110 io
223 3053 411 3125 sppenlnnu
427 3051 542 3123 primum
564 3050 719 3121 rejicimus,
743 3048 777 3104 dc
799 3060 854 3118 ouo
905 3042 932 3098 in
949 3042 1217 3114 interpretationibus
1229 3048 1338 3116 emicat,
1352 3064 1412 3106 curn
1426 3053 1533 3108 ceteris
1554 3052 1708 3111 liuilnianis

68 3147 206 3214 sitierint,
220 3161 281 3216 oue
304 3144 427 3216 pluribus
443 3143 620 3200 disseruimus
643 3143 671 3198 itt
693 3140 854 3215 praelatione
906 3139 991 3208 probe
1005 3142 1138 3212 ctrngruit.
1155 3141 1218 3198 linc
1234 3143 1392 3215 probabilia.
1406 3145 1460 3202 Sed
1482 3145 1524 3202 itis
1538 3147 1571 3203 ad
1591 3146 1708 3204 denton-

67 3235 252 3296 dissertationis
279 3239 383 3309 primae.
407 3236 485 3294 Nunc
508 3237 671 3308 quilmsrtam
697 3234 855 3292 :auctoribus
905 3234 1065 3290 strationem
1090 3233 1194 3292 accedit
1210 3236 1332 3306 prataria
1354 3237 1473 3308 ejusdem
1499 3239 1608 3309 nutrit,
1626 3257 1706 3316 qtrarn

69 3329 140 3386 iidem
160 3331 212 3388 sint
233 3331 425 3403 adjudicandi,
446 3331 517 3400 quod
531 3345 565 3386 cx
580 3328 695 3386 laudatis
715 3327 854 3386 codicibus
905 3335 968 3382 octo
981 3327 1074 3384 Basilii
1089 3329 1248 3386 tractatibus
1261 3330 1295 3386 ab
1308 3323 1402 3388 eodem
1416 3331 1513 3389 llullno
1537 3333 1633 3392 Latine
1646 3337 1706 3393 red·

68 3441 114 3482 non
127 3436 254 3498 apparel,
269 3427 445 3500 quarendum
460 3435 488 3482 et
509 3423 683 3481 statuendum
707 3423 786 3478 nobis
800 3428 853 3478 cst.
905 3415 969 3473 ditis
984 3418 1121 3488 prsllram
1135 3420 1165 3476 P.
1178 3419 1292 3478 Garuiet·
1302 3421 1501 3498 benedictinus,
1517 3425 1544 3480 itt
1559 3428 1705 3484 notissima

68 3518 179 3592 Quinque
194 3530 326 3577 tractatus
339 3501 496 3575 iuPsalmos
509 3533 578 3588 opus
588 3531 649 3572 esse
662 3515 749 3571 coeni
765 3513 854 3570 Picta·
905 3511 998 3566 Basilii
1013 3527 1124 3582 operum
1137 3513 1266 3580 editione,
1276 3507 1310 3572 ex
1323 3515 1429 3574 duobus
1438 3533 1504 3574 ntss.
1519 3521 1594 3591 regio
1605 3530 1632 3576 et
1645 3521 1708 3579 Col-

68 3612 159 3668 rieusis
172 3614 291 3686 episcopi
303 3613 334 3671 S.
350 3611 442 3668 llilarii
455 3610 522 3667 nibil
534 3622 575 3666 est
589 3607 778 3667 dubitandum.
791 3621 854 3662 cum
868 3595 892 3661 C
908 3605 1015 3662 bertino
1024 3603 1109 3662 edidit
1123 3615 1189 3662 tout.
1203 3623 1233 3673 tt,
1254 3623 1314 3681 pap.
1329 3609 1392 3677 ilb,
1407 3612 1433 3664 iu
1447 3627 1500 3681 nus
1514 3611 1571 3669 baec
1594 3612 1707 3670 llttinus

69 3719 115 3760 rtou
128 3715 179 3761 trun
192 3705 422 3779 stylusiiilarium
443 3703 531 3774 palam
550 3698 727 3766 relerat,eed
742 3697 853 3753 totidem
906 3709 1000 3769 aperto
1015 3702 1189 3769 pronuntiat:
1205 3701 1300 3773 Attqna
1318 3703 1364 3760 tibi
1382 3705 1409 3760 in
1427 3703 1551 3762 utinum
1564 3708 1628 3762 serti
1645 3709 1706 3764 oiim

69 3797 141 3852 etiam
156 3799 244 3855 serbis
257 3798 331 3854 inter
345 3796 440 3862 Hilarii
454 3811 537 3864 opera
551 3795 735 3866 reperiantur,
753 3801 781 3846 ct
799 3805 854 3846 uun
906 3809 1072 3866 poposceras,
1087 3795 1234 3866 Aproniano
1252 3797 1291 3868 pili
1306 3797 1471 3868 etiamne,-
1493 3800 1563 3874 tptod
1583 3817 1615 3858 en
1634 3811 1707 3875 porte

69 3888 217 3946 llinmuarus
231 3891 320 3949 solum
343 3891 370 3944 in
394 3890 464 3945 libro
485 3893 520 3944 de
542 3886 719 3954 eratenim,
733 3899 793 3954 cap.
806 3883 853 3952 25,
906 3885 994 3953 clipeo
1009 3887 1059 3958 feci
1080 3888 1107 3942 itt
1128 3889 1264 3958 presenti,
1280 3890 1342 3944 dum
1360 3890 1389 3946 in
1405 3891 1474 3948 Urbe
1496 3909 1593 3954 menn.
1618 3891 1663 3947 red
1684 3903 1708 3948 et

69 3981 110 4036 seu
120 3967 296 4055 llieronymns
306 3995 416 4054 quinum
429 3982 456 4036 in
477 3979 557 4049 epist.
573 3994 672 4042 sarrs,
688 3979 721 4032 ad
741 3976 855 4032 biarcel·
906 3995 975 4034 uuae
991 3981 1152 4048 atiqumtnm
1163 3982 1262 4036 addidi.
1279 3981 1344 4038 Orto
1356 3999 1417 4057 erpo
1437 3985 1503 4040 besti
1517 3984 1608 4040 Basilii
1623 3985 1708 4040 ireres

69 4075 126 4142 isin,
137 4093 208 4132 num.
223 4076 242 4132 3
257 4089 285 4134 et
298 4078 327 4141 5,
348 4074 477 4147 qttasdntu
501 4074 651 4129 sententias
670 4072 765 4128 recitet
786 4079 855 4125 taut·
906 4073 968 4128 istor
988 4073 1143 4128 homiliticos
1158 4074 1278 4130 troatstttli
1293 4075 1402 4130 libellos.
1420 4075 1452 4132 Et
1469 4085 1498 4130 ιιι
1511 4074 1576 4132 nihil
1597 4076 1707 4150 quidem

70 4185 139 4240 quiam
153 4171 262 4240 lillarii,
278 4187 338 4242 qum
356 4171 381 4224 in
397 4171 472 4224 lrlsec
487 4167 644 4224 tractatitms
660 4165 855 4220 inuetriuuturr
907 4163 983 4223 dubii
994 4165 1038 4228 sit.
1051 4165 1122 4222 inter
1130 4177 1192 4222 octo
1201 4173 1330 4222 tractatus
1342 4167 1402 4223 ltuic
1411 4166 1560 4236 praelationi
1571 4168 1709 4240 subjectos

70 4272 95 4314 ut
104 4262 253 4318 onittumns
262 4263 288 4318 iu
297 4261 489 4330 explanatione
501 4259 596 4330 psaltui
608 4273 711 4322 crunt,
725 4273 800 4313 ιιιιιιι.
810 4256 855 4320 tl,
908 4258 1081 4328 reperiuntur
1091 4267 1146 4315 tres
1157 4274 1190 4314 cx
1205 4258 1257 4325 bis,
1271 4259 1316 4328 orti
1329 4260 1399 4315 inter
1411 4259 1582 4317 Zenoniamus
1593 4261 1708 4318 circnm-

71 4353 295 4428 interpretatiooes
310 4358 337 4410 in
359 4356 504 4424 superiores
517 4353 630 4423 prolatos
647 4349 775 4422 allegari,
796 4361 857 4420 qtae
907 4351 1076 4415 ierebmttur,
1092 4352 1124 4407 de
1138 4351 1230 4408 birote
1243 4361 1267 4408 et
1282 4353 1401 4420 lttuidio,
1415 4353 1462 4423 qui
1483 4354 1582 4410 ibitlent
1597 4365 1638 4410 est
1657 4355 1707 4410 lto·

71 4447 224 4504 llilurianum
237 4449 359 4518 prolecto
368 4449 591 4503 contituentarium
606 4443 633 4500 iu
647 4442 714 4500 alios
728 4441 855 4514 psalmos,
909 4445 982 4502 milis
995 4460 1033 4512 tr,
1047 4460 1106 4517 pap.
1124 4445 1186 4514 tim
1200 4447 1231 4500 de
1248 4445 1362 4502 Adtende
1376 4445 1431 4510 titt,
1446 4447 1491 4517 qni
1503 4455 1546 4502 est
1559 4447 1668 4502 bomilia
1679 4462 1711 4517 tt,

71 4539 101 4592 ilo
120 4543 211 4610 quibus
238 4544 264 4597 in
287 4542 406 4600 Zenonis
426 4539 566 4596 codicibus
588 4538 657 4593 nibil
680 4545 737 4603 est,
764 4544 857 4606 aperte
909 4553 970 4610 pop.
987 4539 1049 4606 ttt,
1067 4549 1094 4594 et
1106 4541 1138 4594 de
1152 4540 1236 4595 ituro
1248 4541 1334 4606 diuite,
1350 4541 1395 4611 mi
1408 4548 1450 4595 est
1463 4539 1574 4596 bomilia
1588 4556 1709 4614 m‚pag.

72 4629 193 4705 inuuunt.¹
911 4631 974 4698 7253
991 4642 1103 4700 quartus
1116 4643 1206 4688 autom
1225 4634 1257 4688 de
1269 4633 1386 4708 ieiunio,
1403 4635 1447 4704 tpni
1462 4633 1559 4691 ibidem
1570 4635 1710 4692 desidera·

103 4721 858 4800 mil.Quattuorporrotractatusdeiiroreetlnoidio,·
911 4731 964 4788 tur,
981 4733 1025 4779 est
1039 4723 1083 4778 ille
1103 4739 1183 4794 quem
1206 4727 1370 4796 bttpustiuus
1382 4725 1447 4782 locis
1461 4725 1575 4784 laudatis
1594 4729 1709 4799 allegat,

75 4815 101 4868 rte
114 4819 225 4873 Adretrde
238 4819 294 4886 tibi,
306 4819 339 4874 de
348 4818 467 4893 ieiunio,
481 4826 510 4872 et
523 4814 737 4871 deirmodirite
750 4826 859 4867 osseca
910 4815 1010 4887 quiquo
1034 4814 1156 4871 eamdem
1181 4815 1374 4887 itrtrrpretaudi
1398 4817 1534 4876 licentiam
1557 4832 1589 4873 ac
1611 4819 1711 4890 stylum

74 4909 99 4963 S.
112 4911 208 4969 Basilio
222 4913 317 4970 [ntiae
332 4912 488 4978 translatos,
503 4909 552 4965 sed
566 4910 602 4965 ita
614 4917 643 4964 ut
653 4909 709 4964 duo
723 4906 802 4977 primi
818 4908 861 4959 ln·
911 4904 1032 4976 punient,
1045 4915 1073 4960 nt
1085 4908 1117 4961 de
1127 4905 1224 4964 eodem
1236 4907 1515 4976 iuterpretcdubitare
1526 4907 1610 4980 possit
1621 4925 1712 4966 uento.

75 5007 151 5074 topri,
172 5006 220 5062 alii
238 5005 292 5062 duo
305 5004 391 5062 mutili
415 4991 574 5068 iubeantur,
588 5002 610 5053 si
633 4999 695 5070 puis
710 4998 860 5054 basilianus
872 5004 902 5068 Ι)
914 4998 982 5056 ilinc
1005 5015 1086 5066 porro
1109 5015 1140 5056 ea
1164 5001 1277 5055 soluitur
1301 5003 1504 5070 controversia,
1528 5017 1608 5073 quarm
1622 5015 1714 5059 uersat

76 5099 176 5156 marcos
195 5099 317 5170 ejusdem
332 5097 485 5167 argumenti
502 5093 642 5157 cortlcrat,
662 5091 786 5148 dubitare
800 5104 863 5162 pro·
913 5094 1712 5168 etlitorBenedictinusiupeueralipraelationetoutmmum.

77 5189 140 5244 lecto
160 5207 213 5248 non
228 5194 336 5262 poterit.
353 5189 471 5261 Antiqua
484 5196 575 5242 atatem
596 5185 654 5240 brec
674 5181 863 5253 interpretatio
913 5187 959 5256 il,
974 5197 1040 5260 quot
1054 5189 1158 5244 scilicet
1176 5188 1258 5262 309
1277 5189 1366 5244 basilii
1379 5205 1519 5246 sermones
1544 5189 1654 5247 bullatus
1673 5191 1715 5248 in-

78 5295 111 5334 est
122 5326 129 5348 ,
142 5295 169 5339 et
188 5263 309 5354 :eroffti
323 5283 438 5348 ridetur,
454 5280 609 5336 zenoniano
630 5276 786 5340 lucubrum
802 5289 863 5344 que
916 5291 1082 5352 terpretatur
1097 5283 1148 5350 sit,
1162 5293 1234 5348 octo,
1250 5296 1284 5336 an
1296 5279 1402 5338 decern.
1418 5281 1559 5338 Rationem
1573 5281 1714 5338 dubitandi

79 5391 131 5431 cum
144 5378 239 5436 Graeco
248 5388 320 5433 term
334 5391 388 5431 uon
403 5375 436 5429 ad
449 5374 566 5428 litteram
578 5369 689 5424 outniuu
701 5380 862 5438 comittem.
915 5373 1241 5446 ingeruntduocjusdem
1254 5371 1343 5428 Rufini
1360 5373 1528 5440 testimonia,
1543 5373 1657 5440 primunt
1687 5373 1715 5428 iu

80 5466 189 5525 liberiori
202 5471 310 5541 iugenio
322 5466 426 5523 reddita
439 5464 499 5519 luit.
518 5463 590 5516 ilaue
602 5460 723 5532 quidem,
739 5463 776 5514 uti
789 5466 865 5514 certo
919 5465 1028 5521 laniata
1043 5465 1211 5536 pretatione,
1226 5462 1273 5520 ubi
1288 5473 1343 5520 opp,
1358 5464 1482 5520 homitias
1496 5463 1545 5517 aps
1558 5477 1587 5516 se
1601 5463 1715 5518 imppp.

82 5563 217 5629 credimus,
233 5561 482 5632 interpretationem
497 5564 627 5613 tractatus
640 5557 672 5609 de
683 5552 790 5626 ieiunio
801 5552 868 5622 jotti·
920 5567 963 5614 tas
984 5559 1142 5629 Aproniano
1166 5557 1257 5624 misit,
1283 5557 1397 5613 alterum
1420 5573 1453 5612 ex
1475 5553 1596 5610 historiar
1619 5551 1664 5608 tib.
1684 5569 1718 5620 n,

80 5653 121 5708 diu
135 5671 179 5725 per
190 5657 283 5712 orbem
297 5657 429 5726 irrigatum
446 5651 487 5707 bis
498 5657 631 5706 ntemorat
644 5649 675 5705 S.
692 5649 866 5720 ingestione,
922 5667 982 5721 cap.
1006 5653 1034 5718 9,
1055 5651 1098 5706 nbi
1124 5649 1201 5704 denne
1224 5647 1306 5704 lerme
1328 5646 1377 5703 abs
1398 5661 1428 5702 se
1449 5643 1581 5700 latinitate
1607 5643 1721 5700 dottattts

86 5748 127 5803 lib.
141 5763 249 5806 trontru
266 5749 411 5813 lulianum,
427 5761 500 5801 trum.
518 5743 559 5806 tt.
578 5753 606 5799 et
619 5742 667 5797 lib.
684 5740 801 5810 tilperis
815 5741 865 5796 lm·
923 5751 1048 5799 testatur.
1066 5743 1175 5798 Exstant
1194 5755 1294 5812 quoque
1307 5739 1438 5808 sartosque
1457 5737 1551 5810 inpeaii
1575 5734 1681 5818 (Basilii
1696 5745 1724 5794 et

89 5843 190 5910 prrltcti
205 5859 278 5901 tantu.
293 5844 337 5908 52,
354 5855 470 5912 rotatque
485 5853 517 5894 ea
531 5837 627 5896 croco
646 5835 796 5908 cumttplarl
816 5837 872 5891 bon
932 5835 1004 5910 Grep
1015 5831 1065 5892 orii
1076 5832 1249 5904 baaisutoni)
1263 5825 1564 5899 uentriitteutomupttificn
1574 5828 1729 5884 troctntturti
