<?xml version="1.0" encoding="UTF-8"?>
<!DOCTYPE html PUBLIC "-//W3C//DTD XHTML 1.0 Transitional//EN"
    "http://www.w3.org/TR/xhtml1/DTD/xhtml1-transitional.dtd">
<html xmlns="http://www.w3.org/1999/xhtml" xml:lang="en" lang="en">
 <head>
  <title>
</title>
<meta http-equiv="Content-Type" content="text/html;charset=utf-8" />
  <meta name='ocr-system' content='tesseract 3.04.00' />
  <meta name='ocr-capabilities' content='ocr_page ocr_carea ocr_par ocr_line ocrx_word'/>
</head>
<body>
  <div class='ocr_page' id='page_1' title='image "./patrologiaecurs210unkngoog_0103.png"; bbox 0 0 3950 6317; ppageno 0'>
   <div class='ocr_carea' id='block_1_1' title="bbox 280 303 1878 371">
    <p class='ocr_par' dir='ltr' id='par_1_1' title="bbox 280 303 1878 371">
     <span class='ocr_line' id='line_1_1' title="bbox 280 303 1878 371; baseline -0.004 -1"><span class='ocrx_word' id='word_1_1' title='bbox 280 313 335 371; x_wconf 82' lang='lat' dir='ltr'>tos</span> <span class='ocrx_word' id='word_1_2' title='bbox 697 361 703 368; x_wconf 87' lang='lat'>.</span> <span class='ocrx_word' id='word_1_3' title='bbox 1007 303 1277 366; x_wconf 78' lang='lat' dir='ltr'>rnollcottent.</span> <span class='ocrx_word' id='word_1_4' title='bbox 1844 303 1878 364; x_wconf 71' lang='lat' dir='ltr'>iii</span> 
     </span>
    </p>
   </div>
   <div class='ocr_carea' id='block_1_2' title="bbox 270 417 1881 1340">
    <p class='ocr_par' dir='ltr' id='par_1_2' title="bbox 270 417 1881 1340">
     <span class='ocr_line' id='line_1_2' title="bbox 273 417 1878 502; baseline -0.007 -14"><span class='ocrx_word' id='word_1_5' title='bbox 273 440 302 488; x_wconf 87' lang='lat' dir='ltr'>et</span> <span class='ocrx_word' id='word_1_6' title='bbox 317 431 345 486; x_wconf 83' lang='lat' dir='ltr'>lsi</span> <span class='ocrx_word' id='word_1_7' title='bbox 358 439 429 500; x_wconf 83' lang='lat' dir='ltr'>snut,</span> <span class='ocrx_word' id='word_1_8' title='bbox 445 430 489 502; x_wconf 85' lang='lat' dir='ltr'>qrri</span> <span class='ocrx_word' id='word_1_9' title='bbox 504 427 596 500; x_wconf 88' lang='lat' dir='ltr'>paucis</span> <span class='ocrx_word' id='word_1_10' title='bbox 612 425 721 484; x_wconf 87' lang='lat' dir='ltr'>mutatis</span> <span class='ocrx_word' id='word_1_11' title='bbox 734 441 806 483; x_wconf 92' lang='lat' dir='ltr'>nunc</span> <span class='ocrx_word' id='word_1_12' title='bbox 819 427 846 483; x_wconf 92' lang='lat' dir='ltr'>io</span> <span class='ocrx_word' id='word_1_13' title='bbox 862 425 1015 483; x_wconf 80' lang='lat' dir='ltr'>Veronensi</span> <span class='ocrx_word' id='word_1_14' title='bbox 1030 424 1071 479; x_wconf 87' lang='lat' dir='ltr'>ol-</span> <span class='ocrx_word' id='word_1_15' title='bbox 1086 433 1213 492; x_wconf 69' lang='lat' dir='ltr'>Auctor,</span> <span class='ocrx_word' id='word_1_16' title='bbox 1236 437 1269 479; x_wconf 85' lang='lat' dir='ltr'>cx</span> <span class='ocrx_word' id='word_1_17' title='bbox 1284 419 1339 478; x_wconf 86' lang='lat' dir='ltr'>alio</span> <span class='ocrx_word' id='word_1_18' title='bbox 1360 427 1450 478; x_wconf 88' lang='lat' dir='ltr'>tameo</span> <span class='ocrx_word' id='word_1_19' title='bbox 1473 433 1525 478; x_wconf 88' lang='lat' dir='ltr'>ors.</span> <span class='ocrx_word' id='word_1_20' title='bbox 1549 417 1706 490; x_wconf 85' lang='lat' dir='ltr'>Capitulari,</span> <span class='ocrx_word' id='word_1_21' title='bbox 1725 419 1766 491; x_wconf 77' lang='lat' dir='ltr'>qui</span> <span class='ocrx_word' id='word_1_22' title='bbox 1779 421 1878 478; x_wconf 84' lang='lat' dir='ltr'>oratione</span> 
     </span>
     <span class='ocr_line' id='line_1_3' title="bbox 272 510 1878 586; baseline -0.007 -7"><span class='ocrx_word' id='word_1_23' title='bbox 272 523 336 579; x_wconf 90' lang='lat' dir='ltr'>licio</span> <span class='ocrx_word' id='word_1_24' title='bbox 355 523 539 578; x_wconf 79' lang='lat' dir='ltr'>adhibemur:</span> <span class='ocrx_word' id='word_1_25' title='bbox 557 518 667 577; x_wconf 90' lang='lat' dir='ltr'>tertium</span> <span class='ocrx_word' id='word_1_26' title='bbox 683 535 751 576; x_wconf 89' lang='lat' dir='ltr'>vero</span> <span class='ocrx_word' id='word_1_27' title='bbox 764 535 780 576; x_wconf 90' lang='lat' dir='ltr'>e</span> <span class='ocrx_word' id='word_1_28' title='bbox 793 519 898 576; x_wconf 86' lang='lat' dir='ltr'>duobus</span> <span class='ocrx_word' id='word_1_29' title='bbox 918 533 985 576; x_wconf 88' lang='lat' dir='ltr'>mss.</span> <span class='ocrx_word' id='word_1_30' title='bbox 1007 517 1074 574; x_wconf 90' lang='lat' dir='ltr'>Bre-</span> <span class='ocrx_word' id='word_1_31' title='bbox 1125 515 1159 573; x_wconf 93' lang='lat' dir='ltr'>ad</span> <span class='ocrx_word' id='word_1_32' title='bbox 1174 516 1255 575; x_wconf 83' lang='lat' dir='ltr'>horas</span> <span class='ocrx_word' id='word_1_33' title='bbox 1269 514 1401 580; x_wconf 87' lang='lat' dir='ltr'>eotrtinet,</span> <span class='ocrx_word' id='word_1_34' title='bbox 1416 520 1444 570; x_wconf 87' lang='lat' dir='ltr'>et</span> <span class='ocrx_word' id='word_1_35' title='bbox 1463 530 1498 570; x_wconf 81' lang='lat' dir='ltr'>ex</span> <span class='ocrx_word' id='word_1_36' title='bbox 1516 511 1708 586; x_wconf 71' lang='lat' dir='ltr'>llarryrolopiu</span> <span class='ocrx_word' id='word_1_37' title='bbox 1719 510 1878 571; x_wconf 84' lang='lat' dir='ltr'>llouisliomde</span> 
     </span>
     <span class='ocr_line' id='line_1_4' title="bbox 272 595 1878 682; baseline -0.006 -14"><span class='ocrx_word' id='word_1_38' title='bbox 272 612 367 670; x_wconf 84' lang='lat' dir='ltr'>viariie</span> <span class='ocrx_word' id='word_1_39' title='bbox 388 611 544 668; x_wconf 84' lang='lat' dir='ltr'>ilonialium</span> <span class='ocrx_word' id='word_1_40' title='bbox 566 611 596 668; x_wconf 90' lang='lat' dir='ltr'>S.</span> <span class='ocrx_word' id='word_1_41' title='bbox 619 609 711 668; x_wconf 81' lang='lat' dir='ltr'>lmciae</span> <span class='ocrx_word' id='word_1_42' title='bbox 732 609 787 682; x_wconf 83' lang='lat' dir='ltr'>jam</span> <span class='ocrx_word' id='word_1_43' title='bbox 814 611 1014 682; x_wconf 74' lang='lat' dir='ltr'>promulgatum</span> <span class='ocrx_word' id='word_1_44' title='bbox 1038 595 1073 666; x_wconf 78' lang='lat' dir='ltr'>ob</span> <span class='ocrx_word' id='word_1_45' title='bbox 1125 609 1228 682; x_wconf 88' lang='lat' dir='ltr'>Campo</span> <span class='ocrx_word' id='word_1_46' title='bbox 1246 608 1343 667; x_wconf 88' lang='lat' dir='ltr'>llartio</span> <span class='ocrx_word' id='word_1_47' title='bbox 1363 607 1501 680; x_wconf 73' lang='lat' dir='ltr'>colligitur</span> <span class='ocrx_word' id='word_1_48' title='bbox 1515 603 1599 662; x_wconf 82' lang='lat' dir='ltr'>luisse</span> <span class='ocrx_word' id='word_1_49' title='bbox 1612 603 1699 662; x_wconf 84' lang='lat' dir='ltr'>oratio</span> <span class='ocrx_word' id='word_1_50' title='bbox 1718 603 1878 674; x_wconf 79' lang='lat' dir='ltr'>llmspsim,</span> 
     </span>
     <span class='ocr_line' id='line_1_5' title="bbox 272 696 1878 776; baseline -0.006 -14"><span class='ocrx_word' id='word_1_51' title='bbox 272 696 428 762; x_wconf 82' lang='lat' dir='ltr'>liditoriirus</span> <span class='ocrx_word' id='word_1_52' title='bbox 435 701 649 774; x_wconf 77' lang='lat' dir='ltr'>Veronensibus,</span> <span class='ocrx_word' id='word_1_53' title='bbox 657 701 797 759; x_wconf 84' lang='lat' dir='ltr'>codicibus</span> <span class='ocrx_word' id='word_1_54' title='bbox 806 711 968 760; x_wconf 72' lang='lat' dir='ltr'>tractatuum</span> <span class='ocrx_word' id='word_1_55' title='bbox 979 703 1009 758; x_wconf 86' lang='lat' dir='ltr'>S.</span> <span class='ocrx_word' id='word_1_56' title='bbox 1022 699 1072 760; x_wconf 83' lang='lat' dir='ltr'>Ze·</span> <span class='ocrx_word' id='word_1_57' title='bbox 1124 720 1185 776; x_wconf 83' lang='lat' dir='ltr'>qnae</span> <span class='ocrx_word' id='word_1_58' title='bbox 1200 703 1227 759; x_wconf 90' lang='lat' dir='ltr'>in</span> <span class='ocrx_word' id='word_1_59' title='bbox 1242 707 1327 772; x_wconf 88' lang='lat' dir='ltr'>prima</span> <span class='ocrx_word' id='word_1_60' title='bbox 1340 699 1421 758; x_wconf 88' lang='lat' dir='ltr'>llisss</span> <span class='ocrx_word' id='word_1_61' title='bbox 1435 698 1555 757; x_wconf 90' lang='lat' dir='ltr'>secondo</span> <span class='ocrx_word' id='word_1_62' title='bbox 1568 698 1629 756; x_wconf 88' lang='lat' dir='ltr'>loco</span> <span class='ocrx_word' id='word_1_63' title='bbox 1643 697 1804 754; x_wconf 84' lang='lat' dir='ltr'>describitur.</span> <span class='ocrx_word' id='word_1_64' title='bbox 1815 697 1878 754; x_wconf 79' lang='lat' dir='ltr'>lona-</span> 
     </span>
     <span class='ocr_line' id='line_1_6' title="bbox 271 794 1879 870; baseline -0.004 -15"><span class='ocrx_word' id='word_1_65' title='bbox 271 799 350 856; x_wconf 91' lang='lat' dir='ltr'>nonis</span> <span class='ocrx_word' id='word_1_66' title='bbox 364 799 535 868; x_wconf 74' lang='lat' dir='ltr'>praemissum</span> <span class='ocrx_word' id='word_1_67' title='bbox 550 798 677 854; x_wconf 86' lang='lat' dir='ltr'>Bartirius</span> <span class='ocrx_word' id='word_1_68' title='bbox 689 814 831 870; x_wconf 87' lang='lat' dir='ltr'>perperam</span> <span class='ocrx_word' id='word_1_69' title='bbox 846 798 961 856; x_wconf 90' lang='lat' dir='ltr'>credidit</span> <span class='ocrx_word' id='word_1_70' title='bbox 976 797 1024 854; x_wconf 89' lang='lat' dir='ltr'>lilr.</span> <span class='ocrx_word' id='word_1_71' title='bbox 1042 815 1071 866; x_wconf 89' lang='lat' dir='ltr'>tr,</span> <span class='ocrx_word' id='word_1_72' title='bbox 1125 798 1193 856; x_wconf 86' lang='lat' dir='ltr'>ciros</span> <span class='ocrx_word' id='word_1_73' title='bbox 1206 813 1270 855; x_wconf 87' lang='lat' dir='ltr'>rero</span> <span class='ocrx_word' id='word_1_74' title='bbox 1288 795 1460 854; x_wconf 84' lang='lat' dir='ltr'>Zenorrianos</span> <span class='ocrx_word' id='word_1_75' title='bbox 1485 795 1599 868; x_wconf 90' lang='lat' dir='ltr'>primam</span> <span class='ocrx_word' id='word_1_76' title='bbox 1620 794 1766 850; x_wconf 87' lang='lat' dir='ltr'>orationem</span> <span class='ocrx_word' id='word_1_77' title='bbox 1787 795 1879 864; x_wconf 82' lang='lat' dir='ltr'>cujrrsqut</span> 
     </span>
     <span class='ocr_line' id='line_1_7' title="bbox 271 887 1880 966; baseline -0.003 -16"><span class='ocrx_word' id='word_1_78' title='bbox 271 893 387 950; x_wconf 77' lang='lat' dir='ltr'>Advers.</span> <span class='ocrx_word' id='word_1_79' title='bbox 403 907 465 963; x_wconf 89' lang='lat' dir='ltr'>cap.</span> <span class='ocrx_word' id='word_1_80' title='bbox 481 892 527 958; x_wconf 64' lang='lat' dir='ltr'>li,</span> <span class='ocrx_word' id='word_1_81' title='bbox 541 905 568 949; x_wconf 93' lang='lat' dir='ltr'>et</span> <span class='ocrx_word' id='word_1_82' title='bbox 584 892 631 948; x_wconf 86' lang='lat' dir='ltr'>liis.</span> <span class='ocrx_word' id='word_1_83' title='bbox 649 907 703 959; x_wconf 84' lang='grc' dir='ltr'>ιιι,</span> <span class='ocrx_word' id='word_1_84' title='bbox 718 907 778 960; x_wconf 87' lang='lat' dir='ltr'>can.</span> <span class='ocrx_word' id='word_1_85' title='bbox 794 890 840 948; x_wconf 72' lang='lat'>20.</span> <span class='ocrx_word' id='word_1_86' title='bbox 855 891 944 948; x_wconf 74' lang='lat' dir='ltr'>Alium</span> <span class='ocrx_word' id='word_1_87' title='bbox 958 889 1073 948; x_wconf 81' lang='lat' dir='ltr'>subinde</span> <span class='ocrx_word' id='word_1_88' title='bbox 1125 893 1274 964; x_wconf 79' lang='lat' dir='ltr'>lttsse&#39;nro</span> <span class='ocrx_word' id='word_1_89' title='bbox 1284 909 1391 966; x_wconf 80' lang='lat' dir='ltr'>quoque</span> <span class='ocrx_word' id='word_1_90' title='bbox 1404 891 1473 948; x_wconf 87' lang='lat' dir='ltr'>lesto</span> <span class='ocrx_word' id='word_1_91' title='bbox 1487 891 1622 964; x_wconf 86' lang='lat' dir='ltr'>propriam</span> <span class='ocrx_word' id='word_1_92' title='bbox 1637 889 1707 946; x_wconf 88' lang='lat' dir='ltr'>inter</span> <span class='ocrx_word' id='word_1_93' title='bbox 1719 887 1798 945; x_wconf 84' lang='lat' dir='ltr'>oiircia</span> <span class='ocrx_word' id='word_1_94' title='bbox 1811 887 1880 945; x_wconf 79' lang='lat' dir='ltr'>dixisse</span> 
     </span>
     <span class='ocr_line' id='line_1_8' title="bbox 270 981 1879 1066; baseline -0.005 -21"><span class='ocrx_word' id='word_1_95' title='bbox 270 988 383 1045; x_wconf 85' lang='lat' dir='ltr'>edemus</span> <span class='ocrx_word' id='word_1_96' title='bbox 409 989 551 1066; x_wconf 80' lang='lat' dir='ltr'>lrymnum,</span> <span class='ocrx_word' id='word_1_97' title='bbox 565 987 611 1060; x_wconf 82' lang='lat' dir='ltr'>qui</span> <span class='ocrx_word' id='word_1_98' title='bbox 628 987 654 1043; x_wconf 88' lang='lat' dir='ltr'>io</span> <span class='ocrx_word' id='word_1_99' title='bbox 669 1001 722 1042; x_wconf 89' lang='lat' dir='ltr'>ms.</span> <span class='ocrx_word' id='word_1_100' title='bbox 744 985 876 1043; x_wconf 73' lang='lat' dir='ltr'>Vaticano</span> <span class='ocrx_word' id='word_1_101' title='bbox 895 985 965 1042; x_wconf 73' lang='grc'><strong>1155</strong></span> <span class='ocrx_word' id='word_1_102' title='bbox 979 983 1069 1042; x_wconf 79' lang='lat' dir='ltr'>s.&#39;ze·</span> <span class='ocrx_word' id='word_1_103' title='bbox 1125 985 1314 1060; x_wconf 78' lang='lat' dir='ltr'>cognoscimus</span> <span class='ocrx_word' id='word_1_104' title='bbox 1327 1005 1359 1044; x_wconf 85' lang='lat' dir='ltr'>es</span> <span class='ocrx_word' id='word_1_105' title='bbox 1373 987 1477 1043; x_wconf 82' lang='lat' dir='ltr'>doolrus</span> <span class='ocrx_word' id='word_1_106' title='bbox 1492 1001 1557 1041; x_wconf 90' lang='lat' dir='ltr'>mss.</span> <span class='ocrx_word' id='word_1_107' title='bbox 1569 985 1615 1056; x_wconf 84' lang='lat' dir='ltr'>qui</span> <span class='ocrx_word' id='word_1_108' title='bbox 1629 983 1663 1040; x_wconf 88' lang='lat' dir='ltr'>ad</span> <span class='ocrx_word' id='word_1_109' title='bbox 1674 981 1759 1039; x_wconf 84' lang='lat' dir='ltr'>olllcis</span> <span class='ocrx_word' id='word_1_110' title='bbox 1772 999 1879 1038; x_wconf 85' lang='lat' dir='ltr'>sscnno·</span> 
     </span>
     <span class='ocr_line' id='line_1_9' title="bbox 270 1075 1880 1158; baseline -0.006 -19"><span class='ocrx_word' id='word_1_111' title='bbox 270 1085 351 1140; x_wconf 86' lang='lat' dir='ltr'>nonis</span> <span class='ocrx_word' id='word_1_112' title='bbox 367 1081 526 1139; x_wconf 86' lang='lat' dir='ltr'>tractatibus</span> <span class='ocrx_word' id='word_1_113' title='bbox 541 1082 681 1153; x_wconf 80' lang='lat' dir='ltr'>subjectns</span> <span class='ocrx_word' id='word_1_114' title='bbox 694 1081 804 1154; x_wconf 67' lang='lat' dir='ltr'>legitor.</span> <span class='ocrx_word' id='word_1_115' title='bbox 818 1080 975 1138; x_wconf 82' lang='lat' dir='ltr'>Orationem</span> <span class='ocrx_word' id='word_1_116' title='bbox 991 1095 1073 1154; x_wconf 85' lang='lat' dir='ltr'>porro</span> <span class='ocrx_word' id='word_1_117' title='bbox 1126 1079 1238 1158; x_wconf 72' lang='lat' dir='ltr'>nemesii</span> <span class='ocrx_word' id='word_1_118' title='bbox 1252 1077 1400 1135; x_wconf 82' lang='lat' dir='ltr'>zenoninni</span> <span class='ocrx_word' id='word_1_119' title='bbox 1423 1085 1554 1150; x_wconf 87' lang='lat' dir='ltr'>spectant.</span> <span class='ocrx_word' id='word_1_120' title='bbox 1572 1075 1693 1134; x_wconf 81' lang='lat' dir='ltr'>landem</span> <span class='ocrx_word' id='word_1_121' title='bbox 1715 1075 1824 1131; x_wconf 87' lang='lat' dir='ltr'>dalriroos</span> <span class='ocrx_word' id='word_1_122' title='bbox 1835 1075 1880 1130; x_wconf 86' lang='lat' dir='ltr'>noti</span> 
     </span>
     <span class='ocr_line' id='line_1_10' title="bbox 270 1169 1881 1246; baseline -0.006 -14"><span class='ocrx_word' id='word_1_123' title='bbox 270 1175 298 1232; x_wconf 93' lang='lat' dir='ltr'>io</span> <span class='ocrx_word' id='word_1_124' title='bbox 314 1176 478 1233; x_wconf 79' lang='lat' dir='ltr'>Veronensis</span> <span class='ocrx_word' id='word_1_125' title='bbox 497 1173 627 1232; x_wconf 72' lang='lat' dir='ltr'>sceleste</span> <span class='ocrx_word' id='word_1_126' title='bbox 646 1173 736 1232; x_wconf 89' lang='lat' dir='ltr'>cilicio</span> <span class='ocrx_word' id='word_1_127' title='bbox 750 1173 858 1232; x_wconf 84' lang='lat' dir='ltr'>recitari</span> <span class='ocrx_word' id='word_1_128' title='bbox 878 1174 985 1230; x_wconf 86' lang='lat' dir='ltr'>solitam</span> <span class='ocrx_word' id='word_1_129' title='bbox 1001 1173 1073 1230; x_wconf 89' lang='lat' dir='ltr'>lsaud</span> <span class='ocrx_word' id='word_1_130' title='bbox 1126 1189 1179 1246; x_wconf 86' lang='lat' dir='ltr'>qna</span> <span class='ocrx_word' id='word_1_131' title='bbox 1194 1172 1318 1244; x_wconf 72' lang='lat' dir='ltr'>somogia</span> <span class='ocrx_word' id='word_1_132' title='bbox 1342 1173 1376 1229; x_wconf 90' lang='lat' dir='ltr'>do</span> <span class='ocrx_word' id='word_1_133' title='bbox 1391 1171 1420 1228; x_wconf 89' lang='lat' dir='ltr'>S.</span> <span class='ocrx_word' id='word_1_134' title='bbox 1436 1171 1555 1240; x_wconf 83' lang='lat' dir='ltr'>Zenone,</span> <span class='ocrx_word' id='word_1_135' title='bbox 1576 1186 1608 1226; x_wconf 90' lang='lat' dir='ltr'>ac</span> <span class='ocrx_word' id='word_1_136' title='bbox 1621 1169 1674 1225; x_wconf 82' lang='lat' dir='ltr'>alia</span> <span class='ocrx_word' id='word_1_137' title='bbox 1690 1169 1822 1234; x_wconf 88' lang='lat' dir='ltr'>nonnulls;</span> <span class='ocrx_word' id='word_1_138' title='bbox 1844 1183 1881 1238; x_wconf 79' lang='grc' dir='ltr'>ιιι</span> 
     </span>
     <span class='ocr_line' id='line_1_11' title="bbox 271 1263 1721 1340; baseline -0.004 -14"><span class='ocrx_word' id='word_1_139' title='bbox 271 1269 414 1335; x_wconf 81' lang='lat' dir='ltr'>dabimus3</span> <span class='ocrx_word' id='word_1_140' title='bbox 430 1269 488 1326; x_wconf 85' lang='lat' dir='ltr'>lraec</span> <span class='ocrx_word' id='word_1_141' title='bbox 502 1269 576 1327; x_wconf 91' lang='lat' dir='ltr'>enim</span> <span class='ocrx_word' id='word_1_142' title='bbox 591 1266 643 1324; x_wconf 88' lang='lat' dir='ltr'>etsi</span> <span class='ocrx_word' id='word_1_143' title='bbox 657 1267 685 1323; x_wconf 90' lang='lat' dir='ltr'>in</span> <span class='ocrx_word' id='word_1_144' title='bbox 701 1266 815 1324; x_wconf 89' lang='lat' dir='ltr'>laudatis</span> <span class='ocrx_word' id='word_1_145' title='bbox 831 1281 899 1324; x_wconf 85' lang='lat' dir='ltr'>mss.</span> <span class='ocrx_word' id='word_1_146' title='bbox 931 1284 984 1324; x_wconf 89' lang='lat' dir='ltr'>oon</span> <span class='ocrx_word' id='word_1_147' title='bbox 1001 1266 1072 1323; x_wconf 90' lang='lat' dir='ltr'>indi·</span> <span class='ocrx_word' id='word_1_148' title='bbox 1127 1267 1199 1326; x_wconf 88' lang='lat' dir='ltr'>unde</span> <span class='ocrx_word' id='word_1_149' title='bbox 1209 1276 1317 1340; x_wconf 90' lang='lat' dir='ltr'>sumpta</span> <span class='ocrx_word' id='word_1_150' title='bbox 1330 1266 1440 1335; x_wconf 89' lang='lat' dir='ltr'>luerint,</span> <span class='ocrx_word' id='word_1_151' title='bbox 1453 1280 1503 1323; x_wconf 92' lang='lat' dir='ltr'>sno</span> <span class='ocrx_word' id='word_1_152' title='bbox 1516 1265 1576 1322; x_wconf 94' lang='lat' dir='ltr'>loco</span> <span class='ocrx_word' id='word_1_153' title='bbox 1590 1263 1721 1320; x_wconf 74' lang='lat' dir='ltr'>dicemus.</span> 
     </span>
    </p>
   </div>
   <div class='ocr_carea' id='block_1_3' title="bbox 279 1400 1881 1433">
    <p class='ocr_par' dir='ltr' id='par_1_3' title="bbox 279 1400 1881 1433">
     <span class='ocr_line' id='line_1_12' title="bbox 279 1400 1881 1433; baseline -0.004 -10"><span class='ocrx_word' id='word_1_154' title='bbox 279 1400 1881 1433; x_wconf 82' lang='grc'><em>,,............................-..-.............----.--..--</em></span> 
     </span>
    </p>
   </div>
   <div class='ocr_carea' id='block_1_4' title="bbox 329 1489 1723 1728">
    <p class='ocr_par' dir='ltr' id='par_1_4' title="bbox 329 1489 1723 1728">
     <span class='ocr_line' id='line_1_13' title="bbox 329 1489 1723 1637; baseline -0.001 -61"><span class='ocrx_word' id='word_1_155' title='bbox 329 1500 444 1637; x_wconf 27' lang='lat' dir='ltr'>‘perron</span> <span class='ocrx_word' id='word_1_156' title='bbox 479 1493 684 1580; x_wconf 87' lang='lat' dir='ltr'><strong>SERMO</strong></span> <span class='ocrx_word' id='word_1_157' title='bbox 712 1493 1104 1580; x_wconf 82' lang='lat' dir='ltr'><strong>VENERABILIS</strong></span> <span class='ocrx_word' id='word_1_158' title='bbox 1135 1493 1445 1582; x_wconf 86' lang='lat' dir='ltr'><strong>CORONATI</strong></span> <span class='ocrx_word' id='word_1_159' title='bbox 1473 1489 1723 1578; x_wconf 86' lang='lat' dir='ltr'><strong>NOTARII</strong></span> 
     </span>
     <span class='ocr_line' id='line_1_14' title="bbox 627 1651 1475 1728; baseline 0.001 -5"><span class='ocrx_word' id='word_1_160' title='bbox 627 1703 631 1706; x_wconf 87' lang='lat'><em>-</em></span> <span class='ocrx_word' id='word_1_161' title='bbox 725 1651 798 1724; x_wconf 74' lang='lat' dir='ltr'>ltu</span> <span class='ocrx_word' id='word_1_162' title='bbox 824 1651 960 1725; x_wconf 83' lang='lat' dir='ltr'><strong>VITA</strong></span> <span class='ocrx_word' id='word_1_163' title='bbox 992 1651 1200 1727; x_wconf 68' lang='lat' dir='ltr'>satiust</span> <span class='ocrx_word' id='word_1_164' title='bbox 1225 1651 1475 1728; x_wconf 81' lang='lat' dir='ltr'><strong>ZENONIS.</strong></span> 
     </span>
    </p>
   </div>
   <div class='ocr_carea' id='block_1_5' title="bbox 221 1925 1896 3880">
    <p class='ocr_par' dir='ltr' id='par_1_5' title="bbox 221 1925 1896 3880">
     <span class='ocr_line' id='line_1_15' title="bbox 303 1925 1886 2002; baseline -0.001 -15"><span class='ocrx_word' id='word_1_165' title='bbox 303 1929 325 1988; x_wconf 89' lang='lat' dir='ltr'>l.</span> <span class='ocrx_word' id='word_1_166' title='bbox 341 1929 369 1986; x_wconf 92' lang='lat' dir='ltr'>ln</span> <span class='ocrx_word' id='word_1_167' title='bbox 379 1928 475 1987; x_wconf 87' lang='lat' dir='ltr'>diebus</span> <span class='ocrx_word' id='word_1_168' title='bbox 485 1928 539 1985; x_wconf 89' lang='lat' dir='ltr'>iliis</span> <span class='ocrx_word' id='word_1_169' title='bbox 553 1927 593 2001; x_wconf 85' lang='grc' dir='ltr'>(ιι)</span> <span class='ocrx_word' id='word_1_170' title='bbox 614 1927 642 1984; x_wconf 89' lang='lat' dir='ltr'>in</span> <span class='ocrx_word' id='word_1_171' title='bbox 655 1927 797 2000; x_wconf 79' lang='lat' dir='ltr'>pruvincia</span> <span class='ocrx_word' id='word_1_172' title='bbox 808 1926 846 2002; x_wconf 86' lang='grc'>(1)</span> <span class='ocrx_word' id='word_1_173' title='bbox 861 1927 948 1996; x_wconf 88' lang='lat' dir='ltr'>ltalia,</span> <span class='ocrx_word' id='word_1_174' title='bbox 964 1928 992 1983; x_wconf 88' lang='lat' dir='ltr'>in</span> <span class='ocrx_word' id='word_1_175' title='bbox 1007 1925 1074 1984; x_wconf 89' lang='lat' dir='ltr'>civi·</span> <span class='ocrx_word' id='word_1_176' title='bbox 1087 1931 1112 1994; x_wconf 83' lang='grc' dir='ltr'><strong>Β</strong></span> <span class='ocrx_word' id='word_1_177' title='bbox 1126 1937 1153 1984; x_wconf 91' lang='lat' dir='ltr'>et</span> <span class='ocrx_word' id='word_1_178' title='bbox 1168 1927 1231 1985; x_wconf 91' lang='lat' dir='ltr'>idco</span> <span class='ocrx_word' id='word_1_179' title='bbox 1243 1929 1304 2002; x_wconf 78' lang='lat' dir='ltr'>utria</span> <span class='ocrx_word' id='word_1_180' title='bbox 1321 1927 1347 1984; x_wconf 88' lang='lat' dir='ltr'>in</span> <span class='ocrx_word' id='word_1_181' title='bbox 1367 1943 1475 1987; x_wconf 91' lang='lat' dir='ltr'>omnem</span> <span class='ocrx_word' id='word_1_182' title='bbox 1492 1937 1592 1986; x_wconf 85' lang='lat' dir='ltr'>terram</span> <span class='ocrx_word' id='word_1_183' title='bbox 1606 1930 1672 1987; x_wconf 83' lang='lat' dir='ltr'>exiit</span> <span class='ocrx_word' id='word_1_184' title='bbox 1685 1945 1769 1987; x_wconf 92' lang='lat' dir='ltr'>sonus</span> <span class='ocrx_word' id='word_1_185' title='bbox 1780 1946 1886 1988; x_wconf 85' lang='lat' dir='ltr'>conversa-</span> 
     </span>
     <span class='ocr_line' id='line_1_16' title="bbox 270 2021 1887 2098; baseline 0 -17"><span class='ocrx_word' id='word_1_186' title='bbox 270 2024 457 2092; x_wconf 77' lang='lat' dir='ltr'>tateierona,</span> <span class='ocrx_word' id='word_1_187' title='bbox 473 2025 500 2080; x_wconf 92' lang='lat' dir='ltr'>in</span> <span class='ocrx_word' id='word_1_188' title='bbox 520 2039 571 2093; x_wconf 82' lang='lat' dir='ltr'>noa</span> <span class='ocrx_word' id='word_1_189' title='bbox 585 2023 656 2080; x_wconf 82' lang='lat' dir='ltr'>locati</span> <span class='ocrx_word' id='word_1_190' title='bbox 680 2024 801 2080; x_wconf 84' lang='lat' dir='ltr'>Zenonis</span> <span class='ocrx_word' id='word_1_191' title='bbox 823 2035 885 2079; x_wconf 91' lang='lat' dir='ltr'>aeta</span> <span class='ocrx_word' id='word_1_192' title='bbox 905 2024 1072 2092; x_wconf 83' lang='lat' dir='ltr'>claruerunt,</span> <span class='ocrx_word' id='word_1_193' title='bbox 1127 2021 1209 2081; x_wconf 88' lang='lat' dir='ltr'>tionis</span> <span class='ocrx_word' id='word_1_194' title='bbox 1234 2023 1304 2096; x_wconf 78' lang='lat' dir='ltr'>ejus,</span> <span class='ocrx_word' id='word_1_195' title='bbox 1327 2034 1356 2080; x_wconf 87' lang='lat' dir='ltr'>ct</span> <span class='ocrx_word' id='word_1_196' title='bbox 1379 2024 1509 2082; x_wconf 84' lang='lat' dir='ltr'>sanctitas</span> <span class='ocrx_word' id='word_1_197' title='bbox 1533 2023 1673 2081; x_wconf 86' lang='lat' dir='ltr'>emictrit:</span> <span class='ocrx_word' id='word_1_198' title='bbox 1703 2025 1808 2083; x_wconf 87' lang='lat' dir='ltr'>audiant</span> <span class='ocrx_word' id='word_1_199' title='bbox 1826 2023 1887 2098; x_wconf 85' lang='lat' dir='ltr'>popul</span> 
     </span>
     <span class='ocr_line' id='line_1_17' title="bbox 271 2117 1643 2197; baseline 0.001 -23"><span class='ocrx_word' id='word_1_200' title='bbox 271 2118 310 2193; x_wconf 85' lang='lat' dir='ltr'>(c)</span> <span class='ocrx_word' id='word_1_201' title='bbox 334 2117 486 2197; x_wconf 74' lang='lat' dir='ltr'>evolvimus</span> <span class='ocrx_word' id='word_1_202' title='bbox 511 2117 579 2174; x_wconf 87' lang='lat' dir='ltr'>tanti</span> <span class='ocrx_word' id='word_1_203' title='bbox 600 2118 652 2174; x_wconf 89' lang='lat' dir='ltr'>viri</span> <span class='ocrx_word' id='word_1_204' title='bbox 673 2120 800 2175; x_wconf 82' lang='lat' dir='ltr'>virtutes.</span> <span class='ocrx_word' id='word_1_205' title='bbox 814 2119 860 2175; x_wconf 90' lang='lat' dir='ltr'>Sic</span> <span class='ocrx_word' id='word_1_206' title='bbox 880 2118 952 2175; x_wconf 88' lang='lat' dir='ltr'>enirn</span> <span class='ocrx_word' id='word_1_207' title='bbox 968 2128 1011 2176; x_wconf 87' lang='lat' dir='ltr'>cst</span> <span class='ocrx_word' id='word_1_208' title='bbox 1023 2119 1074 2174; x_wconf 89' lang='lat' dir='ltr'>lm·</span> <span class='ocrx_word' id='word_1_209' title='bbox 1126 2133 1232 2188; x_wconf 90' lang='lat' dir='ltr'>omnes,</span> <span class='ocrx_word' id='word_1_210' title='bbox 1246 2122 1291 2190; x_wconf 80' lang='lat' dir='ltr'>qui</span> <span class='ocrx_word' id='word_1_211' title='bbox 1307 2119 1366 2189; x_wconf 76' lang='lat' dir='ltr'>cius</span> <span class='ocrx_word' id='word_1_212' title='bbox 1379 2120 1491 2190; x_wconf 89' lang='lat' dir='ltr'>enpinnt</span> <span class='ocrx_word' id='word_1_213' title='bbox 1503 2118 1643 2177; x_wconf 85' lang='lat' dir='ltr'>miraculo.</span> 
     </span>
     <span class='ocr_line' id='line_1_18' title="bbox 271 2209 1887 2286; baseline 0.001 -18"><span class='ocrx_word' id='word_1_214' title='bbox 271 2227 352 2269; x_wconf 84' lang='lat' dir='ltr'>mans</span> <span class='ocrx_word' id='word_1_215' title='bbox 371 2226 448 2269; x_wconf 88' lang='lat' dir='ltr'>mens</span> <span class='ocrx_word' id='word_1_216' title='bbox 462 2211 495 2268; x_wconf 91' lang='lat' dir='ltr'>ad</span> <span class='ocrx_word' id='word_1_217' title='bbox 511 2209 714 2284; x_wconf 77' lang='lat' dir='ltr'>investigandas</span> <span class='ocrx_word' id='word_1_218' title='bbox 729 2211 891 2269; x_wconf 84' lang='lat' dir='ltr'>Sanctorum</span> <span class='ocrx_word' id='word_1_219' title='bbox 905 2212 985 2279; x_wconf 86' lang='lat' dir='ltr'>vitas,</span> <span class='ocrx_word' id='word_1_220' title='bbox 1003 2221 1074 2268; x_wconf 85' lang='lat' dir='ltr'>tem·</span> <span class='ocrx_word' id='word_1_221' title='bbox 1161 2211 1185 2268; x_wconf 98' lang='lat' dir='ltr'>ll</span> <span class='ocrx_word' id='word_1_222' title='bbox 1208 2211 1274 2268; x_wconf 83' lang='lat' dir='ltr'>Erat</span> <span class='ocrx_word' id='word_1_223' title='bbox 1287 2213 1359 2269; x_wconf 90' lang='lat' dir='ltr'>enim</span> <span class='ocrx_word' id='word_1_224' title='bbox 1383 2213 1480 2269; x_wconf 88' lang='lat' dir='ltr'>sedens</span> <span class='ocrx_word' id='word_1_225' title='bbox 1502 2213 1527 2268; x_wconf 93' lang='lat' dir='ltr'>iu</span> <span class='ocrx_word' id='word_1_226' title='bbox 1549 2212 1585 2286; x_wconf 82' lang='lat' dir='ltr'>(e)</span> <span class='ocrx_word' id='word_1_227' title='bbox 1607 2213 1887 2282; x_wconf 68' lang='lat' dir='ltr'>monasteriensem</span> 
     </span>
     <span class='ocr_line' id='line_1_19' title="bbox 221 2303 1887 2378; baseline 0.001 -20"><span class='ocrx_word' id='word_1_228' title='bbox 221 2322 226 2330; x_wconf 53' lang='grc'><strong>“</strong></span> <span class='ocrx_word' id='word_1_229' title='bbox 271 2319 354 2376; x_wconf 85' lang='lat' dir='ltr'>qrtarn</span> <span class='ocrx_word' id='word_1_230' title='bbox 367 2304 429 2377; x_wconf 77' lang='lat' dir='ltr'>onis</span> <span class='ocrx_word' id='word_1_231' title='bbox 449 2304 496 2361; x_wconf 91' lang='lat' dir='ltr'>ille</span> <span class='ocrx_word' id='word_1_232' title='bbox 517 2303 615 2361; x_wconf 90' lang='lat' dir='ltr'>sitiens</span> <span class='ocrx_word' id='word_1_233' title='bbox 637 2303 735 2360; x_wconf 88' lang='lat' dir='ltr'>ardore</span> <span class='ocrx_word' id='word_1_234' title='bbox 749 2304 816 2362; x_wconf 90' lang='lat' dir='ltr'>solis</span> <span class='ocrx_word' id='word_1_235' title='bbox 838 2305 960 2368; x_wconf 88' lang='lat' dir='ltr'>adustos,</span> <span class='ocrx_word' id='word_1_236' title='bbox 974 2319 1075 2362; x_wconf 89' lang='lat' dir='ltr'>concu-</span> <span class='ocrx_word' id='word_1_237' title='bbox 1126 2304 1188 2360; x_wconf 89' lang='lat' dir='ltr'>tiori</span> <span class='ocrx_word' id='word_1_238' title='bbox 1200 2315 1289 2377; x_wconf 87' lang='lat' dir='ltr'>parte,</span> <span class='ocrx_word' id='word_1_239' title='bbox 1304 2307 1330 2362; x_wconf 88' lang='lat' dir='ltr'>irr</span> <span class='ocrx_word' id='word_1_240' title='bbox 1345 2306 1445 2378; x_wconf 91' lang='lat' dir='ltr'>oppido</span> <span class='ocrx_word' id='word_1_241' title='bbox 1456 2305 1615 2372; x_wconf 80' lang='lat' dir='ltr'>Veronensi,</span> <span class='ocrx_word' id='word_1_242' title='bbox 1626 2308 1887 2377; x_wconf 81' lang='lat' dir='ltr'>continuisjejooiisrt</span> 
     </span>
     <span class='ocr_line' id='line_1_20' title="bbox 273 2383 1887 2474; baseline 0.004 -23"><span class='ocrx_word' id='word_1_243' title='bbox 273 2397 358 2468; x_wconf 83' lang='lat' dir='ltr'>piscat</span> <span class='ocrx_word' id='word_1_244' title='bbox 380 2394 495 2452; x_wconf 77' lang='lat' dir='ltr'>sontium</span> <span class='ocrx_word' id='word_1_245' title='bbox 521 2396 634 2466; x_wconf 80' lang='lat' dir='ltr'>fluento,</span> <span class='ocrx_word' id='word_1_246' title='bbox 660 2405 708 2453; x_wconf 84' lang='lat' dir='ltr'>aot</span> <span class='ocrx_word' id='word_1_247' title='bbox 729 2398 791 2468; x_wconf 89' lang='lat' dir='ltr'>quis</span> <span class='ocrx_word' id='word_1_248' title='bbox 812 2394 1074 2454; x_wconf 84' lang='lat' dir='ltr'>desideratissimum</span> <span class='ocrx_word' id='word_1_249' title='bbox 1127 2401 1230 2458; x_wconf 78' lang='lat' dir='ltr'>crebris</span> <span class='ocrx_word' id='word_1_250' title='bbox 1243 2401 1438 2457; x_wconf 83' lang='lat' dir='ltr'>orationibusa</span> <span class='ocrx_word' id='word_1_251' title='bbox 1462 2401 1578 2458; x_wconf 84' lang='lat' dir='ltr'>Domino</span> <span class='ocrx_word' id='word_1_252' title='bbox 1592 2410 1699 2474; x_wconf 83' lang='lat' dir='ltr'>petens,</span> <span class='ocrx_word' id='word_1_253' title='bbox 1720 2383 1749 2458; x_wconf 89' lang='lat' dir='ltr'>ut</span> <span class='ocrx_word' id='word_1_254' title='bbox 1766 2403 1811 2459; x_wconf 87' lang='lat' dir='ltr'>silri</span> <span class='ocrx_word' id='word_1_255' title='bbox 1824 2401 1887 2472; x_wconf 74' lang='lat' dir='ltr'>digm-</span> 
     </span>
     <span class='ocr_line' id='line_1_21' title="bbox 271 2490 1888 2569; baseline 0 -24"><span class='ocrx_word' id='word_1_256' title='bbox 271 2490 395 2549; x_wconf 90' lang='lat' dir='ltr'>nuntium</span> <span class='ocrx_word' id='word_1_257' title='bbox 420 2491 514 2550; x_wconf 89' lang='lat' dir='ltr'>audire</span> <span class='ocrx_word' id='word_1_258' title='bbox 538 2493 647 2562; x_wconf 86' lang='lat' dir='ltr'>cupiat,</span> <span class='ocrx_word' id='word_1_259' title='bbox 669 2493 808 2550; x_wconf 84' lang='lat' dir='ltr'>ueletiam</span> <span class='ocrx_word' id='word_1_260' title='bbox 830 2493 892 2565; x_wconf 87' lang='lat' dir='ltr'>quis</span> <span class='ocrx_word' id='word_1_261' title='bbox 914 2491 1074 2552; x_wconf 87' lang='lat' dir='ltr'>deliciarum</span> <span class='ocrx_word' id='word_1_262' title='bbox 1126 2503 1202 2552; x_wconf 91' lang='lat' dir='ltr'>retur</span> <span class='ocrx_word' id='word_1_263' title='bbox 1213 2495 1314 2550; x_wconf 87' lang='lat' dir='ltr'>aditum</span> <span class='ocrx_word' id='word_1_264' title='bbox 1329 2495 1528 2569; x_wconf 60' lang='lat' dir='ltr'>praedicationis</span> <span class='ocrx_word' id='word_1_265' title='bbox 1542 2495 1568 2550; x_wconf 89' lang='lat' dir='ltr'>irt</span> <span class='ocrx_word' id='word_1_266' title='bbox 1586 2496 1703 2568; x_wconf 87' lang='lat' dir='ltr'>populos</span> <span class='ocrx_word' id='word_1_267' title='bbox 1714 2496 1824 2568; x_wconf 89' lang='lat' dir='ltr'>aperire.</span> <span class='ocrx_word' id='word_1_268' title='bbox 1836 2495 1888 2549; x_wconf 81' lang='lat' dir='ltr'>lieri</span> 
     </span>
     <span class='ocr_line' id='line_1_22' title="bbox 271 2585 1889 2662; baseline -0.001 -18"><span class='ocrx_word' id='word_1_269' title='bbox 271 2587 358 2658; x_wconf 87' lang='lat' dir='ltr'>epulis</span> <span class='ocrx_word' id='word_1_270' title='bbox 379 2588 566 2655; x_wconf 69' lang='lat' dir='ltr'>enutrissem</span> <span class='ocrx_word' id='word_1_271' title='bbox 588 2587 706 2660; x_wconf 77' lang='lat' dir='ltr'>quodam</span> <span class='ocrx_word' id='word_1_272' title='bbox 725 2587 874 2660; x_wconf 73' lang='lat' dir='ltr'>longinquo</span> <span class='ocrx_word' id='word_1_273' title='bbox 889 2588 987 2644; x_wconf 90' lang='lat' dir='ltr'>itincre</span> <span class='ocrx_word' id='word_1_274' title='bbox 1002 2588 1076 2660; x_wconf 91' lang='lat' dir='ltr'>posi·</span> <span class='ocrx_word' id='word_1_275' title='bbox 1126 2587 1227 2662; x_wconf 82' lang='lat' dir='ltr'>quoad</span> <span class='ocrx_word' id='word_1_276' title='bbox 1242 2587 1439 2644; x_wconf 86' lang='lat' dir='ltr'>convertendos</span> <span class='ocrx_word' id='word_1_277' title='bbox 1455 2587 1595 2645; x_wconf 89' lang='lat' dir='ltr'>inCltristi</span> <span class='ocrx_word' id='word_1_278' title='bbox 1617 2603 1739 2646; x_wconf 88' lang='lat' dir='ltr'>amorem</span> <span class='ocrx_word' id='word_1_279' title='bbox 1761 2585 1889 2644; x_wconf 89' lang='lat' dir='ltr'>anirnosln·</span> 
     </span>
     <span class='ocr_line' id='line_1_23' title="bbox 271 2678 1889 2753; baseline -0.001 -17"><span class='ocrx_word' id='word_1_280' title='bbox 271 2689 326 2744; x_wconf 88' lang='lat' dir='ltr'>tus,</span> <span class='ocrx_word' id='word_1_281' title='bbox 341 2678 446 2738; x_wconf 87' lang='lat' dir='ltr'>adrem</span> <span class='ocrx_word' id='word_1_282' title='bbox 462 2680 606 2753; x_wconf 88' lang='lat' dir='ltr'>pervenire</span> <span class='ocrx_word' id='word_1_283' title='bbox 618 2696 674 2737; x_wconf 81' lang='lat' dir='ltr'>suae</span> <span class='ocrx_word' id='word_1_284' title='bbox 687 2681 788 2739; x_wconf 88' lang='lat' dir='ltr'>mentis</span> <span class='ocrx_word' id='word_1_285' title='bbox 800 2681 954 2738; x_wconf 86' lang='lat' dir='ltr'>satietatem</span> <span class='ocrx_word' id='word_1_286' title='bbox 970 2681 1073 2753; x_wconf 88' lang='lat' dir='ltr'>cupiat.</span> <span class='ocrx_word' id='word_1_287' title='bbox 1127 2683 1229 2738; x_wconf 91' lang='lat' dir='ltr'>minum</span> <span class='ocrx_word' id='word_1_288' title='bbox 1250 2683 1285 2740; x_wconf 92' lang='lat' dir='ltr'>de</span> <span class='ocrx_word' id='word_1_289' title='bbox 1300 2681 1343 2739; x_wconf 93' lang='lat' dir='ltr'>die</span> <span class='ocrx_word' id='word_1_290' title='bbox 1359 2683 1385 2738; x_wconf 92' lang='lat' dir='ltr'>in</span> <span class='ocrx_word' id='word_1_291' title='bbox 1401 2681 1473 2738; x_wconf 89' lang='lat' dir='ltr'>diem</span> <span class='ocrx_word' id='word_1_292' title='bbox 1489 2683 1598 2740; x_wconf 88' lang='lat' dir='ltr'>deditos</span> <span class='ocrx_word' id='word_1_293' title='bbox 1615 2692 1684 2740; x_wconf 88' lang='lat' dir='ltr'>erat.</span> <span class='ocrx_word' id='word_1_294' title='bbox 1703 2684 1804 2740; x_wconf 82' lang='lat' dir='ltr'>lievera</span> <span class='ocrx_word' id='word_1_295' title='bbox 1817 2681 1889 2753; x_wconf 86' lang='lat' dir='ltr'>quiaiu</span> 
     </span>
     <span class='ocr_line' id='line_1_24' title="bbox 270 2771 1890 2850; baseline -0.002 -20"><span class='ocrx_word' id='word_1_296' title='bbox 270 2771 310 2830; x_wconf 89' lang='lat' dir='ltr'>lta</span> <span class='ocrx_word' id='word_1_297' title='bbox 325 2783 353 2831; x_wconf 93' lang='lat' dir='ltr'>et</span> <span class='ocrx_word' id='word_1_298' title='bbox 365 2789 415 2848; x_wconf 76' lang='lat' dir='ltr'>ego</span> <span class='ocrx_word' id='word_1_299' title='bbox 429 2775 496 2830; x_wconf 89' lang='lat' dir='ltr'>tami</span> <span class='ocrx_word' id='word_1_300' title='bbox 519 2774 581 2843; x_wconf 90' lang='lat' dir='ltr'>viri,</span> <span class='ocrx_word' id='word_1_301' title='bbox 592 2774 715 2845; x_wconf 78' lang='lat' dir='ltr'>quamvis</span> <span class='ocrx_word' id='word_1_302' title='bbox 732 2772 767 2829; x_wconf 89' lang='lat' dir='ltr'>ad</span> <span class='ocrx_word' id='word_1_303' title='bbox 786 2774 877 2830; x_wconf 91' lang='lat' dir='ltr'>omnia</span> <span class='ocrx_word' id='word_1_304' title='bbox 891 2787 1006 2846; x_wconf 70' lang='lat' dir='ltr'>quartus</span> <span class='ocrx_word' id='word_1_305' title='bbox 1020 2774 1076 2846; x_wconf 75' lang='lat' dir='ltr'>epit</span> <span class='ocrx_word' id='word_1_306' title='bbox 1126 2776 1185 2848; x_wconf 91' lang='lat' dir='ltr'>ipso</span> <span class='ocrx_word' id='word_1_307' title='bbox 1201 2777 1318 2848; x_wconf 80' lang='lat' dir='ltr'>Spiritus</span> <span class='ocrx_word' id='word_1_308' title='bbox 1331 2785 1440 2834; x_wconf 88' lang='lat' dir='ltr'>sanctus</span> <span class='ocrx_word' id='word_1_309' title='bbox 1456 2777 1551 2834; x_wconf 91' lang='lat' dir='ltr'>doctor</span> <span class='ocrx_word' id='word_1_310' title='bbox 1572 2785 1646 2842; x_wconf 84' lang='lat' dir='ltr'>erat.</span> <span class='ocrx_word' id='word_1_311' title='bbox 1667 2779 1740 2833; x_wconf 92' lang='lat' dir='ltr'>sicut</span> <span class='ocrx_word' id='word_1_312' title='bbox 1755 2778 1809 2850; x_wconf 87' lang='lat' dir='ltr'>ipsa</span> <span class='ocrx_word' id='word_1_313' title='bbox 1821 2775 1890 2831; x_wconf 87' lang='lat' dir='ltr'>veritas</span> 
     </span>
     <span class='ocr_line' id='line_1_25' title="bbox 270 2865 1891 2944; baseline -0.001 -20"><span class='ocrx_word' id='word_1_314' title='bbox 270 2867 314 2926; x_wconf 84' lang='lat' dir='ltr'>rel</span> <span class='ocrx_word' id='word_1_315' title='bbox 335 2869 362 2924; x_wconf 92' lang='lat' dir='ltr'>in</span> <span class='ocrx_word' id='word_1_316' title='bbox 375 2868 597 2935; x_wconf 79' lang='lat' dir='ltr'>couversatione,</span> <span class='ocrx_word' id='word_1_317' title='bbox 611 2867 654 2924; x_wconf 87' lang='lat' dir='ltr'>rel</span> <span class='ocrx_word' id='word_1_318' title='bbox 664 2865 745 2923; x_wconf 85' lang='lat' dir='ltr'>etiam</span> <span class='ocrx_word' id='word_1_319' title='bbox 759 2867 785 2922; x_wconf 90' lang='lat' dir='ltr'>io</span> <span class='ocrx_word' id='word_1_320' title='bbox 801 2866 949 2935; x_wconf 82' lang='lat' dir='ltr'>miraculis,</span> <span class='ocrx_word' id='word_1_321' title='bbox 963 2866 1075 2938; x_wconf 79' lang='lat' dir='ltr'>expiere</span> <span class='ocrx_word' id='word_1_322' title='bbox 1127 2886 1176 2944; x_wconf 82' lang='lat' dir='ltr'>per</span> <span class='ocrx_word' id='word_1_323' title='bbox 1188 2887 1218 2928; x_wconf 93' lang='lat' dir='ltr'>se</span> <span class='ocrx_word' id='word_1_324' title='bbox 1228 2871 1347 2944; x_wconf 81' lang='lat' dir='ltr'>loqrritnr</span> <span class='ocrx_word' id='word_1_325' title='bbox 1356 2869 1450 2929; x_wconf 87' lang='lat' dir='ltr'>dicens</span> <span class='ocrx_word' id='word_1_326' title='bbox 1467 2889 1473 2927; x_wconf 79' lang='grc' dir='ltr'>ι</span> <span class='ocrx_word' id='word_1_327' title='bbox 1493 2891 1502 2926; x_wconf 94' lang='grc' dir='ltr'>ι</span> <span class='ocrx_word' id='word_1_328' title='bbox 1516 2871 1575 2928; x_wconf 82' lang='lat' dir='ltr'>Non</span> <span class='ocrx_word' id='word_1_329' title='bbox 1587 2874 1659 2928; x_wconf 89' lang='lat' dir='ltr'>enirn</span> <span class='ocrx_word' id='word_1_330' title='bbox 1674 2887 1727 2930; x_wconf 84' lang='lat' dir='ltr'>vos</span> <span class='ocrx_word' id='word_1_331' title='bbox 1748 2872 1811 2928; x_wconf 83' lang='lat' dir='ltr'>estis</span> <span class='ocrx_word' id='word_1_332' title='bbox 1822 2869 1856 2936; x_wconf 82' lang='lat' dir='ltr'>qni</span> <span class='ocrx_word' id='word_1_333' title='bbox 1866 2869 1891 2921; x_wconf 85' lang='lat' dir='ltr'>to</span> 
     </span>
     <span class='ocr_line' id='line_1_26' title="bbox 272 2960 1889 3039; baseline -0.008 -10"><span class='ocrx_word' id='word_1_334' title='bbox 272 2977 328 3020; x_wconf 72' lang='lat'>¹¹⁰⁰</span> <span class='ocrx_word' id='word_1_335' title='bbox 349 2960 450 3029; x_wconf 69' lang='lat' dir='ltr'>llle⁰3</span> <span class='ocrx_word' id='word_1_336' title='bbox 473 2968 593 3018; x_wconf 59' lang='lat' dir='ltr'>immin</span> <span class='ocrx_word' id='word_1_337' title='bbox 614 2970 744 3033; x_wconf 69' lang='lat' dir='ltr'>il¹¹³¹¹²¹¹¹¹i</span> <span class='ocrx_word' id='word_1_338' title='bbox 768 2961 904 3031; x_wconf 62' lang='grc'>1111110111</span> <span class='ocrx_word' id='word_1_339' title='bbox 927 2977 975 3031; x_wconf 71' lang='lat' dir='ltr'>lii⁰</span> <span class='ocrx_word' id='word_1_340' title='bbox 997 2973 1076 3032; x_wconf 78' lang='lat' dir='ltr'>purte</span> <span class='ocrx_word' id='word_1_341' title='bbox 1126 2966 1256 3038; x_wconf 79' lang='lat' dir='ltr'>nuirnini,</span> <span class='ocrx_word' id='word_1_342' title='bbox 1280 2967 1326 3024; x_wconf 88' lang='lat' dir='ltr'>scd</span> <span class='ocrx_word' id='word_1_343' title='bbox 1347 2967 1459 3038; x_wconf 91' lang='lat' dir='ltr'>spiritus</span> <span class='ocrx_word' id='word_1_344' title='bbox 1481 2967 1564 3039; x_wconf 87' lang='lat' dir='ltr'>patris</span> <span class='ocrx_word' id='word_1_345' title='bbox 1588 2966 1683 3034; x_wconf 83' lang='lat' dir='ltr'>vestri,</span> <span class='ocrx_word' id='word_1_346' title='bbox 1698 2968 1746 3038; x_wconf 86' lang='lat' dir='ltr'>qui</span> <span class='ocrx_word' id='word_1_347' title='bbox 1769 2963 1889 3038; x_wconf 81' lang='lat' dir='ltr'>loquitnrit</span> 
     </span>
     <span class='ocr_line' id='line_1_27' title="bbox 272 3052 1890 3133; baseline -0.002 -21"><span class='ocrx_word' id='word_1_348' title='bbox 272 3069 394 3128; x_wconf 87' lang='lat' dir='ltr'>possum,</span> <span class='ocrx_word' id='word_1_349' title='bbox 417 3069 547 3112; x_wconf 83' lang='lat' dir='ltr'>enarrare</span> <span class='ocrx_word' id='word_1_350' title='bbox 568 3071 624 3112; x_wconf 89' lang='lat' dir='ltr'>uon</span> <span class='ocrx_word' id='word_1_351' title='bbox 647 3054 760 3122; x_wconf 84' lang='lat' dir='ltr'>desisto,</span> <span class='ocrx_word' id='word_1_352' title='bbox 785 3067 821 3111; x_wconf 88' lang='lat' dir='ltr'>ne</span> <span class='ocrx_word' id='word_1_353' title='bbox 840 3054 902 3125; x_wconf 83' lang='lat' dir='ltr'>spuis</span> <span class='ocrx_word' id='word_1_354' title='bbox 925 3052 972 3110; x_wconf 92' lang='lat' dir='ltr'>ille</span> <span class='ocrx_word' id='word_1_355' title='bbox 988 3053 1075 3110; x_wconf 89' lang='lat' dir='ltr'>lector</span> <span class='ocrx_word' id='word_1_356' title='bbox 1127 3060 1213 3115; x_wconf 86' lang='lat' dir='ltr'>rolris.</span> <span class='ocrx_word' id='word_1_357' title='bbox 1224 3080 1235 3133; x_wconf 79' lang='lat' dir='ltr'>i</span> <span class='ocrx_word' id='word_1_358' title='bbox 1250 3060 1281 3116; x_wconf 87' lang='lat' dir='ltr'>Et</span> <span class='ocrx_word' id='word_1_359' title='bbox 1294 3059 1377 3117; x_wconf 86' lang='lat' dir='ltr'>illud:</span> <span class='ocrx_word' id='word_1_360' title='bbox 1396 3059 1546 3132; x_wconf 73' lang='lat' dir='ltr'>«ligurum</span> <span class='ocrx_word' id='word_1_361' title='bbox 1556 3059 1758 3132; x_wconf 74' lang='lat' dir='ltr'>pastoricium,</span> <span class='ocrx_word' id='word_1_362' title='bbox 1771 3061 1890 3117; x_wconf 87' lang='lat' dir='ltr'>etaninan</span> 
     </span>
     <span class='ocr_line' id='line_1_28' title="bbox 271 3147 1891 3226; baseline -0.003 -19"><span class='ocrx_word' id='word_1_363' title='bbox 271 3150 399 3223; x_wconf 72' lang='lat' dir='ltr'>deroget,</span> <span class='ocrx_word' id='word_1_364' title='bbox 414 3159 461 3206; x_wconf 87' lang='lat' dir='ltr'>aut</span> <span class='ocrx_word' id='word_1_365' title='bbox 475 3149 590 3207; x_wconf 90' lang='lat' dir='ltr'>audiens</span> <span class='ocrx_word' id='word_1_366' title='bbox 611 3149 747 3222; x_wconf 75' lang='lat' dir='ltr'>legentem</span> <span class='ocrx_word' id='word_1_367' title='bbox 769 3149 907 3205; x_wconf 87' lang='lat' dir='ltr'>desidioso</span> <span class='ocrx_word' id='word_1_368' title='bbox 920 3147 1014 3206; x_wconf 90' lang='lat' dir='ltr'>auimo</span> <span class='ocrx_word' id='word_1_369' title='bbox 1025 3149 1075 3206; x_wconf 92' lang='lat' dir='ltr'>de·</span> <span class='ocrx_word' id='word_1_370' title='bbox 1127 3169 1215 3209; x_wconf 89' lang='lat' dir='ltr'>meam</span> <span class='ocrx_word' id='word_1_371' title='bbox 1228 3169 1299 3225; x_wconf 90' lang='lat' dir='ltr'>pono</span> <span class='ocrx_word' id='word_1_372' title='bbox 1313 3168 1361 3225; x_wconf 91' lang='lat' dir='ltr'>pro</span> <span class='ocrx_word' id='word_1_373' title='bbox 1376 3153 1472 3211; x_wconf 83' lang='lat' dir='ltr'>orilrus</span> <span class='ocrx_word' id='word_1_374' title='bbox 1486 3155 1564 3210; x_wconf 89' lang='lat' dir='ltr'>meis.</span> <span class='ocrx_word' id='word_1_375' title='bbox 1584 3152 1645 3224; x_wconf 79' lang='lat' dir='ltr'>sita</span> <span class='ocrx_word' id='word_1_376' title='bbox 1668 3169 1737 3226; x_wconf 76' lang='lat' dir='ltr'>ergo</span> <span class='ocrx_word' id='word_1_377' title='bbox 1760 3153 1786 3209; x_wconf 88' lang='lat' dir='ltr'>io</span> <span class='ocrx_word' id='word_1_378' title='bbox 1800 3162 1891 3208; x_wconf 86' lang='lat' dir='ltr'>serrone</span> 
     </span>
     <span class='ocr_line' id='line_1_29' title="bbox 271 3242 1891 3318; baseline -0.002 -15"><span class='ocrx_word' id='word_1_379' title='bbox 271 3245 372 3311; x_wconf 81' lang='lat' dir='ltr'>tranat,</span> <span class='ocrx_word' id='word_1_380' title='bbox 386 3259 448 3302; x_wconf 90' lang='lat' dir='ltr'>cum</span> <span class='ocrx_word' id='word_1_381' title='bbox 469 3252 599 3318; x_wconf 89' lang='lat' dir='ltr'>scrrptum</span> <span class='ocrx_word' id='word_1_382' title='bbox 614 3244 669 3300; x_wconf 87' lang='lat' dir='ltr'>sit:</span> <span class='ocrx_word' id='word_1_383' title='bbox 686 3242 740 3312; x_wconf 81' lang='lat' dir='ltr'>Qui</span> <span class='ocrx_word' id='word_1_384' title='bbox 754 3243 897 3299; x_wconf 83' lang='lat' dir='ltr'>retrilmmt</span> <span class='ocrx_word' id='word_1_385' title='bbox 918 3242 983 3298; x_wconf 76' lang='lat' dir='ltr'>rosidi</span> <span class='ocrx_word' id='word_1_386' title='bbox 1005 3243 1076 3300; x_wconf 84' lang='lat' dir='ltr'>nmio</span> <span class='ocrx_word' id='word_1_387' title='bbox 1127 3244 1241 3303; x_wconf 74' lang='lat' dir='ltr'>affabilis</span> <span class='ocrx_word' id='word_1_388' title='bbox 1254 3255 1323 3314; x_wconf 89' lang='lat' dir='ltr'>erat,</span> <span class='ocrx_word' id='word_1_389' title='bbox 1338 3257 1367 3302; x_wconf 92' lang='lat' dir='ltr'>et</span> <span class='ocrx_word' id='word_1_390' title='bbox 1380 3247 1635 3313; x_wconf 87' lang='lat' dir='ltr'>inmansuetudine,</span> <span class='ocrx_word' id='word_1_391' title='bbox 1651 3248 1715 3304; x_wconf 89' lang='lat' dir='ltr'>etin</span> <span class='ocrx_word' id='word_1_392' title='bbox 1735 3247 1823 3303; x_wconf 88' lang='lat' dir='ltr'>lralritu</span> <span class='ocrx_word' id='word_1_393' title='bbox 1836 3246 1891 3310; x_wconf 83' lang='lat' dir='ltr'>uritis,</span> 
     </span>
     <span class='ocr_line' id='line_1_30' title="bbox 270 3325 1892 3418; baseline -0.004 -21"><span class='ocrx_word' id='word_1_394' title='bbox 270 3357 320 3414; x_wconf 83' lang='lat' dir='ltr'>pro</span> <span class='ocrx_word' id='word_1_395' title='bbox 333 3340 417 3408; x_wconf 70' lang='lat' dir='ltr'>donin</span> <span class='ocrx_word' id='word_1_396' title='bbox 428 3339 567 3397; x_wconf 85' lang='lat' dir='ltr'>detrclrsnt</span> <span class='ocrx_word' id='word_1_397' title='bbox 579 3339 654 3396; x_wconf 80' lang='lat' dir='ltr'>miii.</span> <span class='ocrx_word' id='word_1_398' title='bbox 665 3338 702 3396; x_wconf 86' lang='lat' dir='ltr'>lit</span> <span class='ocrx_word' id='word_1_399' title='bbox 714 3339 777 3412; x_wconf 88' lang='lat' dir='ltr'>quia</span> <span class='ocrx_word' id='word_1_400' title='bbox 790 3338 849 3408; x_wconf 90' lang='lat' dir='ltr'>ipse</span> <span class='ocrx_word' id='word_1_401' title='bbox 864 3336 993 3395; x_wconf 85' lang='lat' dir='ltr'>Dominus</span> <span class='ocrx_word' id='word_1_402' title='bbox 1007 3335 1074 3394; x_wconf 83' lang='lat' dir='ltr'>dixit</span> <span class='ocrx_word' id='word_1_403' title='bbox 1087 3325 1110 3391; x_wconf 88' lang='lat' dir='ltr'>C</span> <span class='ocrx_word' id='word_1_404' title='bbox 1127 3349 1155 3396; x_wconf 92' lang='lat' dir='ltr'>ut</span> <span class='ocrx_word' id='word_1_405' title='bbox 1169 3338 1239 3418; x_wconf 69' lang='lat' dir='ltr'>oeus</span> <span class='ocrx_word' id='word_1_406' title='bbox 1253 3343 1279 3394; x_wconf 91' lang='lat' dir='ltr'>io</span> <span class='ocrx_word' id='word_1_407' title='bbox 1291 3339 1351 3411; x_wconf 90' lang='lat' dir='ltr'>ipso</span> <span class='ocrx_word' id='word_1_408' title='bbox 1360 3339 1603 3398; x_wconf 89' lang='lat' dir='ltr'>collaudareturab</span> <span class='ocrx_word' id='word_1_409' title='bbox 1614 3339 1744 3396; x_wconf 88' lang='lat' dir='ltr'>omnilnrs</span> <span class='ocrx_word' id='word_1_410' title='bbox 1759 3337 1892 3395; x_wconf 82' lang='lat' dir='ltr'>renierrtilns</span> 
     </span>
     <span class='ocr_line' id='line_1_31' title="bbox 271 3431 1893 3506; baseline -0.004 -14"><span class='ocrx_word' id='word_1_411' title='bbox 271 3434 341 3492; x_wconf 89' lang='lat' dir='ltr'>lrona</span> <span class='ocrx_word' id='word_1_412' title='bbox 357 3434 553 3500; x_wconf 84' lang='lat' dir='ltr'>onerantibus:</span> <span class='ocrx_word' id='word_1_413' title='bbox 569 3433 726 3506; x_wconf 76' lang='lat' dir='ltr'>Priusquam</span> <span class='ocrx_word' id='word_1_414' title='bbox 744 3441 770 3490; x_wconf 78' lang='grc' dir='ltr'>ιι</span> <span class='ocrx_word' id='word_1_415' title='bbox 790 3435 930 3505; x_wconf 65' lang='lat' dir='ltr'>formarem</span> <span class='ocrx_word' id='word_1_416' title='bbox 950 3433 979 3487; x_wconf 88' lang='lat' dir='ltr'>in</span> <span class='ocrx_word' id='word_1_417' title='bbox 1000 3440 1074 3488; x_wconf 81' lang='lat' dir='ltr'>utero</span> <span class='ocrx_word' id='word_1_418' title='bbox 1125 3431 1158 3488; x_wconf 89' lang='lat' dir='ltr'>ad</span> <span class='ocrx_word' id='word_1_419' title='bbox 1172 3447 1219 3498; x_wconf 89' lang='lat' dir='ltr'>se;</span> <span class='ocrx_word' id='word_1_420' title='bbox 1239 3439 1267 3488; x_wconf 91' lang='lat' dir='ltr'>et</span> <span class='ocrx_word' id='word_1_421' title='bbox 1287 3432 1321 3488; x_wconf 89' lang='lat' dir='ltr'>ita</span> <span class='ocrx_word' id='word_1_422' title='bbox 1342 3431 1444 3500; x_wconf 85' lang='lat' dir='ltr'>alacer,</span> <span class='ocrx_word' id='word_1_423' title='bbox 1467 3441 1496 3488; x_wconf 92' lang='lat' dir='ltr'>ut</span> <span class='ocrx_word' id='word_1_424' title='bbox 1518 3447 1581 3488; x_wconf 87' lang='lat' dir='ltr'>mox</span> <span class='ocrx_word' id='word_1_425' title='bbox 1600 3432 1703 3489; x_wconf 89' lang='lat' dir='ltr'>relictis</span> <span class='ocrx_word' id='word_1_426' title='bbox 1717 3431 1797 3489; x_wconf 86' lang='lat' dir='ltr'>idolis</span> <span class='ocrx_word' id='word_1_427' title='bbox 1812 3431 1893 3487; x_wconf 84' lang='lat' dir='ltr'>uon&#39;m</span> 
     </span>
     <span class='ocr_line' id='line_1_32' title="bbox 272 3524 1482 3600; baseline -0.002 -18"><span class='ocrx_word' id='word_1_428' title='bbox 272 3529 333 3584; x_wconf 86' lang='lat' dir='ltr'>nori</span> <span class='ocrx_word' id='word_1_429' title='bbox 345 3538 379 3594; x_wconf 84' lang='lat' dir='ltr'>ts,</span> <span class='ocrx_word' id='word_1_430' title='bbox 390 3527 654 3600; x_wconf 81' lang='lat' dir='ltr'>etonteqrsomecires</span> <span class='ocrx_word' id='word_1_431' title='bbox 664 3527 697 3582; x_wconf 79' lang='lat' dir='ltr'>de</span> <span class='ocrx_word' id='word_1_432' title='bbox 710 3527 964 3597; x_wconf 70' lang='lat' dir='ltr'>sereremus-stream</span> <span class='ocrx_word' id='word_1_433' title='bbox 978 3535 1012 3582; x_wconf 88' lang='lat' dir='ltr'>te.</span> <span class='ocrx_word' id='word_1_434' title='bbox 1026 3525 1074 3583; x_wconf 85' lang='lat' dir='ltr'>lite</span> <span class='ocrx_word' id='word_1_435' title='bbox 1125 3527 1189 3584; x_wconf 82' lang='lat' dir='ltr'>lesu</span> <span class='ocrx_word' id='word_1_436' title='bbox 1200 3524 1310 3582; x_wconf 85' lang='lat' dir='ltr'>Christo</span> <span class='ocrx_word' id='word_1_437' title='bbox 1326 3525 1482 3583; x_wconf 81' lang='lat' dir='ltr'>crederent.</span> 
     </span>
     <span class='ocr_line' id='line_1_33' title="bbox 272 3618 1893 3694; baseline -0.003 -14"><span class='ocrx_word' id='word_1_438' title='bbox 272 3622 345 3680; x_wconf 87' lang='lat' dir='ltr'>eninr</span> <span class='ocrx_word' id='word_1_439' title='bbox 360 3621 531 3680; x_wconf 86' lang='lat' dir='ltr'>scunalsulis</span> <span class='ocrx_word' id='word_1_440' title='bbox 546 3619 647 3694; x_wconf 77' lang='lat' dir='ltr'>[cestr]</span> <span class='ocrx_word' id='word_1_441' title='bbox 661 3619 832 3688; x_wconf 82' lang='lat' dir='ltr'>benedictus,</span> <span class='ocrx_word' id='word_1_442' title='bbox 845 3631 873 3676; x_wconf 90' lang='lat' dir='ltr'>et</span> <span class='ocrx_word' id='word_1_443' title='bbox 887 3620 957 3692; x_wconf 73' lang='lat' dir='ltr'>(dia</span> <span class='ocrx_word' id='word_1_444' title='bbox 976 3629 1074 3677; x_wconf 91' lang='lat' dir='ltr'>ventre</span> <span class='ocrx_word' id='word_1_445' title='bbox 1162 3620 1205 3676; x_wconf 92' lang='grc'><strong>111.</strong></span> <span class='ocrx_word' id='word_1_446' title='bbox 1229 3618 1281 3676; x_wconf 87' lang='lat' dir='ltr'>Per</span> <span class='ocrx_word' id='word_1_447' title='bbox 1301 3618 1373 3677; x_wconf 91' lang='lat' dir='ltr'>idem</span> <span class='ocrx_word' id='word_1_448' title='bbox 1394 3634 1460 3676; x_wconf 79' lang='lat' dir='ltr'>vero</span> <span class='ocrx_word' id='word_1_449' title='bbox 1482 3626 1589 3691; x_wconf 86' lang='lat' dir='ltr'>tempus</span> <span class='ocrx_word' id='word_1_450' title='bbox 1610 3633 1672 3674; x_wconf 90' lang='lat' dir='ltr'>eum</span> <span class='ocrx_word' id='word_1_451' title='bbox 1691 3618 1770 3690; x_wconf 74' lang='lat' dir='ltr'>iusta</span> <span class='ocrx_word' id='word_1_452' title='bbox 1791 3619 1893 3676; x_wconf 69' lang='lat' dir='ltr'>civitaten</span> 
     </span>
     <span class='ocr_line' id='line_1_34' title="bbox 271 3711 1895 3785; baseline -0.004 -13"><span class='ocrx_word' id='word_1_453' title='bbox 271 3713 456 3772; x_wconf 83' lang='lat' dir='ltr'>sarreritteatos</span> <span class='ocrx_word' id='word_1_454' title='bbox 468 3723 544 3782; x_wconf 87' lang='lat' dir='ltr'>erat,</span> <span class='ocrx_word' id='word_1_455' title='bbox 560 3724 590 3769; x_wconf 89' lang='lat' dir='ltr'>et</span> <span class='ocrx_word' id='word_1_456' title='bbox 609 3714 644 3769; x_wconf 91' lang='lat' dir='ltr'>ad</span> <span class='ocrx_word' id='word_1_457' title='bbox 664 3713 717 3768; x_wconf 89' lang='lat' dir='ltr'>lrnc</span> <span class='ocrx_word' id='word_1_458' title='bbox 738 3713 893 3785; x_wconf 76' lang='lat' dir='ltr'>pertingere</span> <span class='ocrx_word' id='word_1_459' title='bbox 907 3713 1018 3780; x_wconf 90' lang='lat' dir='ltr'>meruit,</span> <span class='ocrx_word' id='word_1_460' title='bbox 1044 3721 1074 3769; x_wconf 94' lang='grc' dir='ltr'>ιιι</span> <span class='ocrx_word' id='word_1_461' title='bbox 1127 3712 1274 3779; x_wconf 85' lang='lat' dir='ltr'>Veronam,</span> <span class='ocrx_word' id='word_1_462' title='bbox 1293 3727 1354 3784; x_wconf 78' lang='lat' dir='ltr'>quar</span> <span class='ocrx_word' id='word_1_463' title='bbox 1368 3712 1395 3768; x_wconf 89' lang='lat' dir='ltr'>in</span> <span class='ocrx_word' id='word_1_464' title='bbox 1421 3711 1573 3784; x_wconf 80' lang='lat' dir='ltr'>propinquo</span> <span class='ocrx_word' id='word_1_465' title='bbox 1597 3721 1657 3768; x_wconf 87' lang='lat' dir='ltr'>erat</span> <span class='ocrx_word' id='word_1_466' title='bbox 1671 3711 1780 3782; x_wconf 90' lang='lat' dir='ltr'>itinere,</span> <span class='ocrx_word' id='word_1_467' title='bbox 1801 3723 1825 3769; x_wconf 90' lang='lat' dir='ltr'>et</span> <span class='ocrx_word' id='word_1_468' title='bbox 1843 3721 1895 3779; x_wconf 77' lang='lat' dir='ltr'>cpt-</span> 
     </span>
     <span class='ocr_line' id='line_1_35' title="bbox 272 3800 1896 3880; baseline -0.007 -15"><span class='ocrx_word' id='word_1_469' title='bbox 272 3822 322 3880; x_wconf 88' lang='lat' dir='ltr'>per</span> <span class='ocrx_word' id='word_1_470' title='bbox 335 3807 420 3863; x_wconf 81' lang='lat' dir='ltr'>uitam</span> <span class='ocrx_word' id='word_1_471' title='bbox 432 3814 553 3864; x_wconf 84' lang='lat' dir='ltr'>sanctam</span> <span class='ocrx_word' id='word_1_472' title='bbox 566 3817 661 3877; x_wconf 90' lang='lat' dir='ltr'>pastor</span> <span class='ocrx_word' id='word_1_473' title='bbox 675 3804 702 3860; x_wconf 94' lang='lat' dir='ltr'>in</span> <span class='ocrx_word' id='word_1_474' title='bbox 719 3805 818 3876; x_wconf 91' lang='lat' dir='ltr'>popolo</span> <span class='ocrx_word' id='word_1_475' title='bbox 832 3819 895 3862; x_wconf 87' lang='lat' dir='ltr'>esse</span> <span class='ocrx_word' id='word_1_476' title='bbox 906 3815 1073 3874; x_wconf 83' lang='lat' dir='ltr'>mereretur;</span> <span class='ocrx_word' id='word_1_477' title='bbox 1127 3805 1217 3864; x_wconf 90' lang='lat' dir='ltr'>diente</span> <span class='ocrx_word' id='word_1_478' title='bbox 1238 3803 1334 3862; x_wconf 87' lang='lat' dir='ltr'>eodem</span> <span class='ocrx_word' id='word_1_479' title='bbox 1358 3805 1418 3862; x_wconf 90' lang='lat' dir='ltr'>viro</span> <span class='ocrx_word' id='word_1_480' title='bbox 1437 3819 1451 3860; x_wconf 89' lang='lat' dir='ltr'>a</span> <span class='ocrx_word' id='word_1_481' title='bbox 1473 3805 1655 3874; x_wconf 80' lang='lat' dir='ltr'>monasterio,</span> <span class='ocrx_word' id='word_1_482' title='bbox 1677 3805 1706 3862; x_wconf 89' lang='lat' dir='ltr'>in</span> <span class='ocrx_word' id='word_1_483' title='bbox 1730 3805 1812 3862; x_wconf 80' lang='lat' dir='ltr'>fluvio</span> <span class='ocrx_word' id='word_1_484' title='bbox 1829 3800 1896 3860; x_wconf 77' lang='lat' dir='ltr'>Athesi</span> 
     </span>
    </p>
   </div>
   <div class='ocr_carea' id='block_1_6' title="bbox 273 3961 1905 5902">
    <p class='ocr_par' dir='ltr' id='par_1_6' title="bbox 273 3961 1898 4325">
     <span class='ocr_line' id='line_1_36' title="bbox 309 3961 1897 4044; baseline -0.006 -16"><span class='ocrx_word' id='word_1_485' title='bbox 309 3969 349 4044; x_wconf 86' lang='lat' dir='ltr'>(u)</span> <span class='ocrx_word' id='word_1_486' title='bbox 368 3969 411 4028; x_wconf 80' lang='lat' dir='ltr'>Atr</span> <span class='ocrx_word' id='word_1_487' title='bbox 425 3969 478 4027; x_wconf 90' lang='lat' dir='ltr'>lsoc</span> <span class='ocrx_word' id='word_1_488' title='bbox 490 3966 629 4040; x_wconf 84' lang='lat' dir='ltr'>discrepat</span> <span class='ocrx_word' id='word_1_489' title='bbox 648 3965 774 4038; x_wconf 73' lang='lat' dir='ltr'>prologus</span> <span class='ocrx_word' id='word_1_490' title='bbox 787 3962 859 4037; x_wconf 89' lang='lat' dir='ltr'>apud</span> <span class='ocrx_word' id='word_1_491' title='bbox 874 3962 1025 4036; x_wconf 79' lang='lat' dir='ltr'>Upltcllium</span> <span class='ocrx_word' id='word_1_492' title='bbox 1044 3972 1075 4022; x_wconf 90' lang='lat' dir='ltr'>et</span> <span class='ocrx_word' id='word_1_493' title='bbox 1125 3982 1193 4031; x_wconf 82' lang='lat' dir='ltr'>artus,</span> <span class='ocrx_word' id='word_1_494' title='bbox 1209 3981 1286 4038; x_wconf 83' lang='lat' dir='ltr'>qnam</span> <span class='ocrx_word' id='word_1_495' title='bbox 1299 3965 1382 4022; x_wconf 82' lang='lat' dir='ltr'>tacitis</span> <span class='ocrx_word' id='word_1_496' title='bbox 1403 3964 1539 4022; x_wconf 81' lang='lat' dir='ltr'>sirtmiiss</span> <span class='ocrx_word' id='word_1_497' title='bbox 1550 3965 1621 4034; x_wconf 76' lang='lat' dir='ltr'>eius,</span> <span class='ocrx_word' id='word_1_498' title='bbox 1637 3965 1706 4020; x_wconf 85' lang='lat' dir='ltr'>sude</span> <span class='ocrx_word' id='word_1_499' title='bbox 1718 3965 1843 4038; x_wconf 80' lang='lat' dir='ltr'>quondum</span> <span class='ocrx_word' id='word_1_500' title='bbox 1854 3961 1897 4018; x_wconf 82' lang='lat' dir='ltr'>sutis</span> 
     </span>
     <span class='ocr_line' id='line_1_37' title="bbox 273 4033 1896 4124; baseline -0.007 -24"><span class='ocrx_word' id='word_1_501' title='bbox 273 4042 494 4110; x_wconf 86' lang='lat' dir='ltr'>llensclrcnium,</span> <span class='ocrx_word' id='word_1_502' title='bbox 514 4041 560 4124; x_wconf 80' lang='lat' dir='ltr'>qui</span> <span class='ocrx_word' id='word_1_503' title='bbox 576 4047 733 4112; x_wconf 83' lang='lat' dir='ltr'>postremus</span> <span class='ocrx_word' id='word_1_504' title='bbox 752 4037 888 4097; x_wconf 73' lang='lat' dir='ltr'>(reservat.</span> <span class='ocrx_word' id='word_1_505' title='bbox 904 4036 1030 4092; x_wconf 89' lang='lat' dir='ltr'>eumdem</span> <span class='ocrx_word' id='word_1_506' title='bbox 1046 4037 1072 4093; x_wconf 89' lang='lat' dir='ltr'>itt</span> <span class='ocrx_word' id='word_1_507' title='bbox 1126 4039 1261 4102; x_wconf 86' lang='lat' dir='ltr'>micuerot,</span> <span class='ocrx_word' id='word_1_508' title='bbox 1275 4037 1547 4110; x_wconf 74' lang='lat' dir='ltr'>ipnornmimtenciris</span> <span class='ocrx_word' id='word_1_509' title='bbox 1566 4036 1688 4092; x_wconf 79' lang='lat' dir='ltr'>lroimtnr</span> <span class='ocrx_word' id='word_1_510' title='bbox 1707 4037 1837 4094; x_wconf 77' lang='lat' dir='ltr'>obscuras.</span> <span class='ocrx_word' id='word_1_511' title='bbox 1856 4033 1896 4090; x_wconf 85' lang='lat' dir='ltr'>Sri-</span> 
     </span>
     <span class='ocr_line' id='line_1_38' title="bbox 274 4102 1897 4186; baseline -0.002 -19"><span class='ocrx_word' id='word_1_512' title='bbox 274 4112 412 4186; x_wconf 83' lang='lat' dir='ltr'>plerisqoe</span> <span class='ocrx_word' id='word_1_513' title='bbox 425 4111 611 4169; x_wconf 86' lang='lat' dir='ltr'>mss.drretsa</span> <span class='ocrx_word' id='word_1_514' title='bbox 625 4111 726 4180; x_wconf 88' lang='lat' dir='ltr'>plsrasi,</span> <span class='ocrx_word' id='word_1_515' title='bbox 741 4108 789 4167; x_wconf 86' lang='lat' dir='ltr'>sed</span> <span class='ocrx_word' id='word_1_516' title='bbox 802 4107 905 4181; x_wconf 86' lang='lat' dir='ltr'>absque</span> <span class='ocrx_word' id='word_1_517' title='bbox 917 4108 973 4166; x_wconf 86' lang='lat' dir='ltr'>stilo</span> <span class='ocrx_word' id='word_1_518' title='bbox 988 4109 1074 4165; x_wconf 85' lang='lat' dir='ltr'>tristo-</span> <span class='ocrx_word' id='word_1_519' title='bbox 1126 4125 1183 4165; x_wconf 88' lang='lat' dir='ltr'>nrm</span> <span class='ocrx_word' id='word_1_520' title='bbox 1205 4109 1310 4182; x_wconf 82' lang='lat' dir='ltr'>quippe,</span> <span class='ocrx_word' id='word_1_521' title='bbox 1333 4123 1393 4164; x_wconf 86' lang='lat' dir='ltr'>enm</span> <span class='ocrx_word' id='word_1_522' title='bbox 1416 4109 1572 4166; x_wconf 87' lang='lat' dir='ltr'>Smrctornm</span> <span class='ocrx_word' id='word_1_523' title='bbox 1594 4109 1670 4166; x_wconf 86' lang='lat' dir='ltr'>roetni</span> <span class='ocrx_word' id='word_1_524' title='bbox 1684 4111 1751 4180; x_wconf 81' lang='lat' dir='ltr'>jure</span> <span class='ocrx_word' id='word_1_525' title='bbox 1772 4108 1856 4170; x_wconf 77' lang='lat' dir='ltr'>deleri,</span> <span class='ocrx_word' id='word_1_526' title='bbox 1868 4102 1897 4158; x_wconf 84' lang='lat' dir='ltr'>m</span> 
     </span>
     <span class='ocr_line' id='line_1_39' title="bbox 273 4177 1898 4307; baseline -0.007 -65"><span class='ocrx_word' id='word_1_527' title='bbox 273 4185 322 4242; x_wconf 83' lang='lat' dir='ltr'>riae</span> <span class='ocrx_word' id='word_1_528' title='bbox 345 4185 508 4242; x_wconf 89' lang='lat' dir='ltr'>detrimento</span> <span class='ocrx_word' id='word_1_529' title='bbox 523 4183 648 4252; x_wconf 84' lang='lat' dir='ltr'>proponi.</span> <span class='ocrx_word' id='word_1_530' title='bbox 664 4180 758 4240; x_wconf 83' lang='lat' dir='ltr'>Lectio</span> <span class='ocrx_word' id='word_1_531' title='bbox 773 4181 877 4252; x_wconf 73' lang='lat' dir='ltr'>prologi</span> <span class='ocrx_word' id='word_1_532' title='bbox 903 4181 972 4251; x_wconf 82' lang='lat' dir='ltr'>opud</span> <span class='ocrx_word' id='word_1_533' title='bbox 988 4179 1073 4236; x_wconf 89' lang='lat' dir='ltr'>llottr-</span> <span class='ocrx_word' id='word_1_534' title='bbox 1125 4181 1209 4237; x_wconf 84' lang='lat' dir='ltr'>nsnlto</span> <span class='ocrx_word' id='word_1_535' title='bbox 1224 4181 1306 4307; x_wconf 56' lang='lat' dir='ltr'>meleis</span> <span class='ocrx_word' id='word_1_536' title='bbox 1319 4181 1439 4236; x_wconf 77' lang='lat' dir='ltr'>nuntronio</span> <span class='ocrx_word' id='word_1_537' title='bbox 1452 4181 1578 4254; x_wconf 82' lang='lat' dir='ltr'>olmquiis</span> <span class='ocrx_word' id='word_1_538' title='bbox 1593 4179 1729 4246; x_wconf 78' lang='lat' dir='ltr'>honorari,</span> <span class='ocrx_word' id='word_1_539' title='bbox 1745 4199 1803 4236; x_wconf 81' lang='lat' dir='ltr'>cern</span> <span class='ocrx_word' id='word_1_540' title='bbox 1817 4177 1898 4252; x_wconf 76' lang='lat' dir='ltr'>popris-</span> 
     </span>
     <span class='ocr_line' id='line_1_40' title="bbox 273 4251 1898 4325; baseline -0.006 -11"><span class='ocrx_word' id='word_1_541' title='bbox 273 4256 384 4314; x_wconf 84' lang='lat' dir='ltr'>lsritinm</span> <span class='ocrx_word' id='word_1_542' title='bbox 398 4256 432 4312; x_wconf 89' lang='lat' dir='ltr'>ad</span> <span class='ocrx_word' id='word_1_543' title='bbox 446 4272 498 4311; x_wconf 89' lang='lat' dir='ltr'>ms.</span> <span class='ocrx_word' id='word_1_544' title='bbox 510 4255 673 4314; x_wconf 80' lang='lat' dir='ltr'>lismensem</span> <span class='ocrx_word' id='word_1_545' title='bbox 688 4253 846 4323; x_wconf 79' lang='lat' dir='ltr'>plerumque</span> <span class='ocrx_word' id='word_1_546' title='bbox 858 4251 975 4308; x_wconf 88' lang='lat' dir='ltr'>accedit.</span> <span class='ocrx_word' id='word_1_547' title='bbox 1125 4269 1182 4308; x_wconf 86' lang='lat' dir='ltr'>rum</span> <span class='ocrx_word' id='word_1_548' title='bbox 1197 4253 1258 4308; x_wconf 86' lang='lat' dir='ltr'>intel</span> <span class='ocrx_word' id='word_1_549' title='bbox 1269 4254 1336 4308; x_wconf 85' lang='lat' dir='ltr'>ectri</span> <span class='ocrx_word' id='word_1_550' title='bbox 1349 4253 1406 4324; x_wconf 72' lang='lat' dir='ltr'>eim</span> <span class='ocrx_word' id='word_1_551' title='bbox 1428 4251 1498 4324; x_wconf 75' lang='lat' dir='ltr'>{usto</span> <span class='ocrx_word' id='word_1_552' title='bbox 1512 4253 1609 4325; x_wconf 71' lang='lat' dir='ltr'>scripto</span> <span class='ocrx_word' id='word_1_553' title='bbox 1624 4252 1732 4323; x_wconf 71' lang='lat' dir='ltr'>fuerint,</span> <span class='ocrx_word' id='word_1_554' title='bbox 1748 4269 1805 4324; x_wconf 79' lang='lat' dir='ltr'>qma</span> <span class='ocrx_word' id='word_1_555' title='bbox 1818 4251 1898 4305; x_wconf 80' lang='lat' dir='ltr'>telem</span> 
     </span>
    </p>

    <p class='ocr_par' dir='ltr' id='par_1_7' title="bbox 310 4322 1239 4399">
     <span class='ocr_line' id='line_1_41' title="bbox 310 4322 1239 4399; baseline -0.005 -16"><span class='ocrx_word' id='word_1_556' title='bbox 310 4329 337 4399; x_wconf 84' lang='lat' dir='ltr'>(ir</span> <span class='ocrx_word' id='word_1_557' title='bbox 363 4326 442 4398; x_wconf 76' lang='lat' dir='ltr'>Apud</span> <span class='ocrx_word' id='word_1_558' title='bbox 457 4327 639 4383; x_wconf 86' lang='lat' dir='ltr'>llombritium</span> <span class='ocrx_word' id='word_1_559' title='bbox 654 4340 795 4397; x_wconf 88' lang='lat' dir='ltr'>perperam</span> <span class='ocrx_word' id='word_1_560' title='bbox 811 4322 920 4379; x_wconf 81' lang='lat' dir='ltr'>Tsscr&#39;oe.</span> <span class='ocrx_word' id='word_1_561' title='bbox 1125 4325 1239 4380; x_wconf 83' lang='lat' dir='ltr'>recitari.</span> 
     </span>
    </p>

    <p class='ocr_par' dir='ltr' id='par_1_8' title="bbox 273 4394 1905 5902">
     <span class='ocr_line' id='line_1_42' title="bbox 311 4394 1898 4479; baseline -0.004 -26"><span class='ocrx_word' id='word_1_562' title='bbox 311 4401 335 4473; x_wconf 84' lang='lat' dir='ltr'>(c</span> <span class='ocrx_word' id='word_1_563' title='bbox 361 4400 450 4462; x_wconf 84' lang='lat' dir='ltr'>Cave,</span> <span class='ocrx_word' id='word_1_564' title='bbox 471 4414 508 4455; x_wconf 92' lang='lat' dir='ltr'>ne</span> <span class='ocrx_word' id='word_1_565' title='bbox 524 4414 556 4454; x_wconf 82' lang='lat' dir='ltr'>es</span> <span class='ocrx_word' id='word_1_566' title='bbox 576 4398 627 4454; x_wconf 87' lang='lat' dir='ltr'>itae</span> <span class='ocrx_word' id='word_1_567' title='bbox 640 4411 707 4454; x_wconf 87' lang='lat' dir='ltr'>voce</span> <span class='ocrx_word' id='word_1_568' title='bbox 725 4397 862 4452; x_wconf 79' lang='lat' dir='ltr'>mulsimus</span> <span class='ocrx_word' id='word_1_569' title='bbox 877 4398 1008 4479; x_wconf 80' lang='lat' dir='ltr'>seriptum</span> <span class='ocrx_word' id='word_1_570' title='bbox 1022 4395 1071 4451; x_wconf 89' lang='lat' dir='ltr'>aii·</span> <span class='ocrx_word' id='word_1_571' title='bbox 1160 4397 1203 4467; x_wconf 86' lang='lat' dir='ltr'>(d)</span> <span class='ocrx_word' id='word_1_572' title='bbox 1229 4395 1295 4452; x_wconf 81' lang='lat' dir='ltr'>lime</span> <span class='ocrx_word' id='word_1_573' title='bbox 1315 4395 1384 4466; x_wconf 88' lang='lat' dir='ltr'>apud</span> <span class='ocrx_word' id='word_1_574' title='bbox 1405 4394 1557 4468; x_wconf 76' lang='lat' dir='ltr'>Upirelliurn</span> <span class='ocrx_word' id='word_1_575' title='bbox 1581 4395 1681 4453; x_wconf 81' lang='lat' dir='ltr'>desunt</span> <span class='ocrx_word' id='word_1_576' title='bbox 1697 4413 1704 4450; x_wconf 76' lang='grc' dir='ltr'>ι</span> <span class='ocrx_word' id='word_1_577' title='bbox 1721 4395 1819 4452; x_wconf 88' lang='lat' dir='ltr'>similia</span> <span class='ocrx_word' id='word_1_578' title='bbox 1834 4402 1898 4446; x_wconf 82' lang='lat' dir='ltr'>tanet</span> 
     </span>
     <span class='ocr_line' id='line_1_43' title="bbox 273 4467 1898 4542; baseline -0.005 -16"><span class='ocrx_word' id='word_1_579' title='bbox 273 4472 337 4542; x_wconf 81' lang='lat' dir='ltr'>qnid</span> <span class='ocrx_word' id='word_1_580' title='bbox 357 4481 421 4527; x_wconf 88' lang='lat' dir='ltr'>ante</span> <span class='ocrx_word' id='word_1_581' title='bbox 441 4469 606 4527; x_wconf 79' lang='lat' dir='ltr'>coronatum</span> <span class='ocrx_word' id='word_1_582' title='bbox 629 4469 769 4526; x_wconf 83' lang='lat' dir='ltr'>existimes</span> <span class='ocrx_word' id='word_1_583' title='bbox 789 4469 823 4522; x_wconf 90' lang='lat' dir='ltr'>de</span> <span class='ocrx_word' id='word_1_584' title='bbox 837 4467 956 4524; x_wconf 75' lang='lat' dir='ltr'>Zenonis</span> <span class='ocrx_word' id='word_1_585' title='bbox 970 4468 1070 4540; x_wconf 75' lang='lat' dir='ltr'>gestis,</span> <span class='ocrx_word' id='word_1_586' title='bbox 1123 4468 1193 4538; x_wconf 87' lang='lat' dir='ltr'>apud</span> <span class='ocrx_word' id='word_1_587' title='bbox 1209 4469 1278 4523; x_wconf 88' lang='lat' dir='ltr'>aiios</span> <span class='ocrx_word' id='word_1_588' title='bbox 1303 4467 1439 4537; x_wconf 65' lang='lat' dir='ltr'>leguntur,</span> <span class='ocrx_word' id='word_1_589' title='bbox 1455 4483 1515 4539; x_wconf 80' lang='lat' dir='ltr'>quur</span> <span class='ocrx_word' id='word_1_590' title='bbox 1538 4469 1638 4526; x_wconf 90' lang='lat' dir='ltr'>nemini</span> <span class='ocrx_word' id='word_1_591' title='bbox 1662 4469 1746 4526; x_wconf 88' lang='lat' dir='ltr'>docto</span> <span class='ocrx_word' id='word_1_592' title='bbox 1768 4475 1898 4540; x_wconf 78' lang='lat' dir='ltr'>persuasus</span> 
     </span>
     <span class='ocr_line' id='line_1_44' title="bbox 274 4539 1344 4616; baseline -0.005 -18"><span class='ocrx_word' id='word_1_593' title='bbox 274 4542 345 4599; x_wconf 87' lang='lat' dir='ltr'>unde</span> <span class='ocrx_word' id='word_1_594' title='bbox 356 4543 391 4611; x_wconf 90' lang='lat' dir='ltr'>is,</span> <span class='ocrx_word' id='word_1_595' title='bbox 408 4559 467 4616; x_wconf 81' lang='lat' dir='ltr'>quoe</span> <span class='ocrx_word' id='word_1_596' title='bbox 481 4541 579 4600; x_wconf 86' lang='lat' dir='ltr'>litteris</span> <span class='ocrx_word' id='word_1_597' title='bbox 589 4541 767 4614; x_wconf 80' lang='lat' dir='ltr'>consignavit,</span> <span class='ocrx_word' id='word_1_598' title='bbox 783 4539 907 4596; x_wconf 82' lang='lat' dir='ltr'>ebiberit.</span> <span class='ocrx_word' id='word_1_599' title='bbox 921 4539 988 4594; x_wconf 88' lang='lat' dir='ltr'>Nam</span> <span class='ocrx_word' id='word_1_600' title='bbox 1004 4555 1072 4607; x_wconf 80' lang='lat' dir='ltr'>prec-</span> <span class='ocrx_word' id='word_1_601' title='bbox 1124 4539 1156 4594; x_wconf 89' lang='lat' dir='ltr'>iri</span> <span class='ocrx_word' id='word_1_602' title='bbox 1173 4539 1344 4596; x_wconf 76' lang='lat' dir='ltr'>conlidimur.</span> 
     </span>
     <span class='ocr_line' id='line_1_45' title="bbox 275 4609 1900 4687; baseline -0.005 -17"><span class='ocrx_word' id='word_1_603' title='bbox 275 4620 398 4687; x_wconf 85' lang='lat' dir='ltr'>terquam</span> <span class='ocrx_word' id='word_1_604' title='bbox 420 4613 491 4686; x_wconf 84' lang='lat' dir='ltr'>qrrud</span> <span class='ocrx_word' id='word_1_605' title='bbox 515 4615 646 4670; x_wconf 90' lang='lat' dir='ltr'>incertum</span> <span class='ocrx_word' id='word_1_606' title='bbox 661 4623 714 4671; x_wconf 73' lang='lat' dir='ltr'>,est</span> <span class='ocrx_word' id='word_1_607' title='bbox 735 4628 769 4668; x_wconf 87' lang='lat' dir='ltr'>an</span> <span class='ocrx_word' id='word_1_608' title='bbox 784 4612 830 4668; x_wconf 82' lang='lat' dir='ltr'>laic</span> <span class='ocrx_word' id='word_1_609' title='bbox 845 4610 972 4682; x_wconf 80' lang='lat' dir='ltr'>prologus</span> <span class='ocrx_word' id='word_1_610' title='bbox 987 4610 1073 4681; x_wconf 88' lang='lat' dir='ltr'>ipsius</span> <span class='ocrx_word' id='word_1_611' title='bbox 1160 4611 1196 4679; x_wconf 78' lang='lat' dir='ltr'>(e)</span> <span class='ocrx_word' id='word_1_612' title='bbox 1209 4609 1400 4667; x_wconf 78' lang='lat' dir='ltr'>llotrmtetiom</span> <span class='ocrx_word' id='word_1_613' title='bbox 1416 4610 1479 4680; x_wconf 92' lang='lat' dir='ltr'>irnc,</span> <span class='ocrx_word' id='word_1_614' title='bbox 1494 4609 1529 4668; x_wconf 88' lang='lat' dir='ltr'>de</span> <span class='ocrx_word' id='word_1_615' title='bbox 1543 4628 1596 4684; x_wconf 83' lang='lat' dir='ltr'>spuo</span> <span class='ocrx_word' id='word_1_616' title='bbox 1608 4611 1709 4683; x_wconf 83' lang='lat' dir='ltr'>pluries</span> <span class='ocrx_word' id='word_1_617' title='bbox 1724 4611 1834 4668; x_wconf 87' lang='lat' dir='ltr'>inierim</span> <span class='ocrx_word' id='word_1_618' title='bbox 1847 4621 1900 4663; x_wconf 85' lang='lat' dir='ltr'>nten-</span> 
     </span>
     <span class='ocr_line' id='line_1_46' title="bbox 273 4677 1900 4754; baseline -0.007 -13"><span class='ocrx_word' id='word_1_619' title='bbox 273 4684 401 4741; x_wconf 86' lang='lat' dir='ltr'>Cornnsti</span> <span class='ocrx_word' id='word_1_620' title='bbox 425 4687 470 4754; x_wconf 87' lang='lat' dir='ltr'>sit,</span> <span class='ocrx_word' id='word_1_621' title='bbox 496 4698 558 4742; x_wconf 85' lang='lat' dir='ltr'>com</span> <span class='ocrx_word' id='word_1_622' title='bbox 579 4685 608 4741; x_wconf 91' lang='lat' dir='ltr'>in</span> <span class='ocrx_word' id='word_1_623' title='bbox 630 4684 690 4739; x_wconf 89' lang='lat' dir='ltr'>aliis</span> <span class='ocrx_word' id='word_1_624' title='bbox 713 4700 779 4740; x_wconf 87' lang='lat' dir='ltr'>mss¹</span> <span class='ocrx_word' id='word_1_625' title='bbox 798 4693 826 4740; x_wconf 89' lang='lat' dir='ltr'>et</span> <span class='ocrx_word' id='word_1_626' title='bbox 840 4681 920 4739; x_wconf 85' lang='lat' dir='ltr'>editis</span> <span class='ocrx_word' id='word_1_627' title='bbox 937 4682 1004 4739; x_wconf 89' lang='lat' dir='ltr'>rriltil</span> <span class='ocrx_word' id='word_1_628' title='bbox 1019 4681 1073 4738; x_wconf 85' lang='lat' dir='ltr'>tale</span> <span class='ocrx_word' id='word_1_629' title='bbox 1124 4681 1163 4738; x_wconf 89' lang='lat' dir='ltr'>tio</span> <span class='ocrx_word' id='word_1_630' title='bbox 1177 4683 1232 4746; x_wconf 89' lang='lat' dir='ltr'>liet,</span> <span class='ocrx_word' id='word_1_631' title='bbox 1248 4684 1270 4738; x_wconf 88' lang='lat' dir='ltr'>si</span> <span class='ocrx_word' id='word_1_632' title='bbox 1284 4679 1422 4740; x_wconf 87' lang='lat' dir='ltr'>Coronato</span> <span class='ocrx_word' id='word_1_633' title='bbox 1435 4685 1599 4740; x_wconf 86' lang='lat' dir='ltr'>credendum</span> <span class='ocrx_word' id='word_1_634' title='bbox 1611 4683 1663 4748; x_wconf 87' lang='lat' dir='ltr'>sit,-</span> <span class='ocrx_word' id='word_1_635' title='bbox 1679 4685 1774 4739; x_wconf 90' lang='lat' dir='ltr'>multis</span> <span class='ocrx_word' id='word_1_636' title='bbox 1785 4677 1900 4738; x_wconf 80' lang='lat' dir='ltr'>monachis</span> 
     </span>
     <span class='ocr_line' id='line_1_47' title="bbox 273 4751 1901 4827; baseline -0.002 -15"><span class='ocrx_word' id='word_1_637' title='bbox 273 4756 388 4827; x_wconf 71' lang='lat' dir='ltr'>ieppttur,</span> <span class='ocrx_word' id='word_1_638' title='bbox 405 4757 543 4813; x_wconf 78' lang='lat' dir='ltr'>mulsimus</span> <span class='ocrx_word' id='word_1_639' title='bbox 563 4771 612 4826; x_wconf 92' lang='lat' dir='ltr'>pro</span> <span class='ocrx_word' id='word_1_640' title='bbox 624 4757 807 4826; x_wconf 79' lang='lat' dir='ltr'>descripsimus</span> <span class='ocrx_word' id='word_1_641' title='bbox 826 4771 858 4810; x_wconf 90' lang='lat' dir='ltr'>es</span> <span class='ocrx_word' id='word_1_642' title='bbox 875 4755 990 4810; x_wconf 82' lang='lat' dir='ltr'>barbaro</span> <span class='ocrx_word' id='word_1_643' title='bbox 1005 4769 1073 4823; x_wconf 80' lang='lat' dir='ltr'>qou-</span> <span class='ocrx_word' id='word_1_644' title='bbox 1125 4769 1177 4809; x_wconf 90' lang='lat' dir='ltr'>uua</span> <span class='ocrx_word' id='word_1_645' title='bbox 1190 4769 1251 4810; x_wconf 90' lang='lat' dir='ltr'>curn</span> <span class='ocrx_word' id='word_1_646' title='bbox 1266 4754 1294 4808; x_wconf 88' lang='lat' dir='ltr'>S.</span> <span class='ocrx_word' id='word_1_647' title='bbox 1313 4753 1448 4825; x_wconf 85' lang='lat' dir='ltr'>Episcopo</span> <span class='ocrx_word' id='word_1_648' title='bbox 1461 4755 1629 4826; x_wconf 76' lang='lat' dir='ltr'>degentibus</span> <span class='ocrx_word' id='word_1_649' title='bbox 1644 4759 1771 4823; x_wconf 79' lang='lat' dir='ltr'>[renuens</span> <span class='ocrx_word' id='word_1_650' title='bbox 1785 4764 1849 4810; x_wconf 80' lang='lat' dir='ltr'>erat.</span> <span class='ocrx_word' id='word_1_651' title='bbox 1863 4751 1901 4802; x_wconf 68' lang='lat' dir='ltr'>liu</span> 
     </span>
     <span class='ocr_line' id='line_1_48' title="bbox 274 4823 1899 4901; baseline -0.005 -16"><span class='ocrx_word' id='word_1_652' title='bbox 274 4828 336 4885; x_wconf 90' lang='lat' dir='ltr'>dam</span> <span class='ocrx_word' id='word_1_653' title='bbox 351 4828 476 4901; x_wconf 78' lang='lat' dir='ltr'>loquendi</span> <span class='ocrx_word' id='word_1_654' title='bbox 490 4842 592 4897; x_wconf 69' lang='lat' dir='ltr'>stertere</span> <span class='ocrx_word' id='word_1_655' title='bbox 603 4827 719 4894; x_wconf 80' lang='lat' dir='ltr'>rmsitom</span> <span class='ocrx_word' id='word_1_656' title='bbox 732 4827 848 4892; x_wconf 91' lang='lat' dir='ltr'>videtur,</span> <span class='ocrx_word' id='word_1_657' title='bbox 861 4836 891 4881; x_wconf 90' lang='grc' dir='ltr'>ιιι</span> <span class='ocrx_word' id='word_1_658' title='bbox 900 4841 933 4882; x_wconf 88' lang='lat' dir='ltr'>es</span> <span class='ocrx_word' id='word_1_659' title='bbox 944 4835 1073 4882; x_wconf 85' lang='lat' dir='ltr'>rnrrtcxtu</span> <span class='ocrx_word' id='word_1_660' title='bbox 1087 4823 1112 4885; x_wconf 88' lang='grc'>1)</span> <span class='ocrx_word' id='word_1_661' title='bbox 1125 4827 1243 4882; x_wconf 87' lang='lat' dir='ltr'>nasteria</span> <span class='ocrx_word' id='word_1_662' title='bbox 1256 4833 1346 4882; x_wconf 87' lang='lat' dir='ltr'>autern</span> <span class='ocrx_word' id='word_1_663' title='bbox 1358 4842 1418 4883; x_wconf 92' lang='lat' dir='ltr'>cum</span> <span class='ocrx_word' id='word_1_664' title='bbox 1432 4842 1485 4882; x_wconf 90' lang='lat' dir='ltr'>nun</span> <span class='ocrx_word' id='word_1_665' title='bbox 1498 4827 1548 4883; x_wconf 88' lang='lat' dir='ltr'>nisi</span> <span class='ocrx_word' id='word_1_666' title='bbox 1560 4837 1656 4894; x_wconf 84' lang='lat' dir='ltr'>ntrorto</span> <span class='ocrx_word' id='word_1_667' title='bbox 1666 4829 1767 4882; x_wconf 80' lang='lat' dir='ltr'>saeculo</span> <span class='ocrx_word' id='word_1_668' title='bbox 1780 4825 1899 4897; x_wconf 77' lang='lat' dir='ltr'>crepserint.</span> 
     </span>
     <span class='ocr_line' id='line_1_49' title="bbox 273 4895 1900 4972; baseline -0.002 -16"><span class='ocrx_word' id='word_1_669' title='bbox 273 4900 364 4972; x_wconf 71' lang='lat' dir='ltr'>colligi</span> <span class='ocrx_word' id='word_1_670' title='bbox 379 4909 478 4972; x_wconf 85' lang='lat' dir='ltr'>potest.</span> <span class='ocrx_word' id='word_1_671' title='bbox 491 4897 627 4957; x_wconf 73' lang='lat' dir='ltr'>Caeterum</span> <span class='ocrx_word' id='word_1_672' title='bbox 642 4896 669 4952; x_wconf 90' lang='lat' dir='ltr'>in</span> <span class='ocrx_word' id='word_1_673' title='bbox 687 4899 818 4968; x_wconf 85' lang='lat' dir='ltr'>prooemio</span> <span class='ocrx_word' id='word_1_674' title='bbox 835 4898 905 4966; x_wconf 86' lang='lat' dir='ltr'>apud</span> <span class='ocrx_word' id='word_1_675' title='bbox 917 4896 1071 4969; x_wconf 73' lang='lat' dir='ltr'>Uglreilimn</span> <span class='ocrx_word' id='word_1_676' title='bbox 1125 4895 1238 4953; x_wconf 79' lang='lat' dir='ltr'>Gallieni</span> <span class='ocrx_word' id='word_1_677' title='bbox 1255 4897 1371 4966; x_wconf 89' lang='lat' dir='ltr'>imperio</span> <span class='ocrx_word' id='word_1_678' title='bbox 1386 4913 1438 4953; x_wconf 92' lang='lat' dir='ltr'>non</span> <span class='ocrx_word' id='word_1_679' title='bbox 1453 4899 1629 4955; x_wconf 87' lang='lat' dir='ltr'>conveniunt.</span> <span class='ocrx_word' id='word_1_680' title='bbox 1646 4896 1739 4968; x_wconf 79' lang='lat' dir='ltr'>Neque</span> <span class='ocrx_word' id='word_1_681' title='bbox 1754 4912 1818 4954; x_wconf 87' lang='lat' dir='ltr'>vero</span> <span class='ocrx_word' id='word_1_682' title='bbox 1829 4911 1851 4951; x_wconf 92' lang='grc' dir='ltr'>ιι</span> <span class='ocrx_word' id='word_1_683' title='bbox 1862 4905 1900 4948; x_wconf 73' lang='grc' dir='ltr'>ιι·</span> 
     </span>
     <span class='ocr_line' id='line_1_50' title="bbox 275 4968 1900 5040; baseline -0.004 -14"><span class='ocrx_word' id='word_1_684' title='bbox 275 4979 340 5027; x_wconf 91' lang='lat' dir='ltr'>tom.</span> <span class='ocrx_word' id='word_1_685' title='bbox 356 4988 372 5027; x_wconf 94' lang='lat' dir='ltr'>v</span> <span class='ocrx_word' id='word_1_686' title='bbox 387 4971 470 5028; x_wconf 84' lang='lat' dir='ltr'>ltaliae</span> <span class='ocrx_word' id='word_1_687' title='bbox 491 4973 594 5036; x_wconf 79' lang='lat' dir='ltr'>sacrae,</span> <span class='ocrx_word' id='word_1_688' title='bbox 610 4985 670 5039; x_wconf 74' lang='lat' dir='ltr'>usp.</span> <span class='ocrx_word' id='word_1_689' title='bbox 691 4969 754 5033; x_wconf 81' lang='lat' dir='ltr'>otu,</span> <span class='ocrx_word' id='word_1_690' title='bbox 768 4970 820 5025; x_wconf 84' lang='lat' dir='ltr'>alsa</span> <span class='ocrx_word' id='word_1_691' title='bbox 835 4984 948 5039; x_wconf 88' lang='lat' dir='ltr'>prorsus</span> <span class='ocrx_word' id='word_1_692' title='bbox 967 4971 1073 5026; x_wconf 89' lang='lat' dir='ltr'>ratione</span> <span class='ocrx_word' id='word_1_693' title='bbox 1124 4969 1187 5024; x_wconf 92' lang='lat' dir='ltr'>cnlo</span> <span class='ocrx_word' id='word_1_694' title='bbox 1209 4969 1239 5026; x_wconf 84' lang='lat' dir='ltr'>S.</span> <span class='ocrx_word' id='word_1_695' title='bbox 1262 4968 1399 5025; x_wconf 81' lang='lat' dir='ltr'>zenonem</span> <span class='ocrx_word' id='word_1_696' title='bbox 1423 4971 1449 5024; x_wconf 91' lang='lat' dir='ltr'>io</span> <span class='ocrx_word' id='word_1_697' title='bbox 1476 4969 1673 5026; x_wconf 84' lang='lat' dir='ltr'>monaster-iod</span> <span class='ocrx_word' id='word_1_698' title='bbox 1711 4971 1764 5027; x_wconf 85' lang='lat' dir='ltr'>isse</span> <span class='ocrx_word' id='word_1_699' title='bbox 1788 4977 1900 5040; x_wconf 77' lang='lat' dir='ltr'>notantur.</span> 
     </span>
     <span class='ocr_line' id='line_1_51' title="bbox 275 5038 1902 5115; baseline -0.002 -18"><span class='ocrx_word' id='word_1_700' title='bbox 275 5041 485 5105; x_wconf 85' lang='lat' dir='ltr'>nilrilscriutnm</span> <span class='ocrx_word' id='word_1_701' title='bbox 502 5040 739 5115; x_wconf 85' lang='lat' dir='ltr'>palatnprutlitur,</span> <span class='ocrx_word' id='word_1_702' title='bbox 756 5041 805 5095; x_wconf 92' lang='lat' dir='ltr'>nisi</span> <span class='ocrx_word' id='word_1_703' title='bbox 827 5039 1073 5110; x_wconf 89' lang='lat' dir='ltr'>inpoprrlirnenti-</span> <span class='ocrx_word' id='word_1_704' title='bbox 1124 5038 1286 5096; x_wconf 85' lang='lat' dir='ltr'>Liccteninr</span> <span class='ocrx_word' id='word_1_705' title='bbox 1304 5039 1447 5096; x_wconf 86' lang='lat' dir='ltr'>mulierum</span> <span class='ocrx_word' id='word_1_706' title='bbox 1464 5041 1658 5097; x_wconf 87' lang='lat' dir='ltr'>monasterinm</span> <span class='ocrx_word' id='word_1_707' title='bbox 1705 5057 1795 5098; x_wconf 79' lang='lat' dir='ltr'>eroum</span> <span class='ocrx_word' id='word_1_708' title='bbox 1816 5039 1902 5095; x_wconf 80' lang='lat' dir='ltr'>idien-</span> 
     </span>
     <span class='ocr_line' id='line_1_52' title="bbox 276 5108 1903 5185; baseline 0 -19"><span class='ocrx_word' id='word_1_709' title='bbox 276 5112 336 5176; x_wconf 80' lang='grc' dir='ltr'>Ιιιιι.</span> <span class='ocrx_word' id='word_1_710' title='bbox 352 5114 475 5184; x_wconf 68' lang='lat' dir='ltr'>consinus</span> <span class='ocrx_word' id='word_1_711' title='bbox 487 5121 592 5169; x_wconf 80' lang='lat' dir='ltr'>tanturm</span> <span class='ocrx_word' id='word_1_712' title='bbox 603 5122 691 5177; x_wconf 83' lang='lat' dir='ltr'>cruia,</span> <span class='ocrx_word' id='word_1_713' title='bbox 711 5127 759 5168; x_wconf 81' lang='lat' dir='ltr'>scu</span> <span class='ocrx_word' id='word_1_714' title='bbox 772 5109 812 5185; x_wconf 87' lang='lat' dir='ltr'>(nt</span> <span class='ocrx_word' id='word_1_715' title='bbox 826 5123 974 5168; x_wconf 82' lang='lat' dir='ltr'>ntctttnreto</span> <span class='ocrx_word' id='word_1_716' title='bbox 988 5111 1072 5168; x_wconf 82' lang='lat' dir='ltr'>verbu</span> <span class='ocrx_word' id='word_1_717' title='bbox 1125 5115 1198 5181; x_wconf 88' lang='lat' dir='ltr'>poris</span> <span class='ocrx_word' id='word_1_718' title='bbox 1212 5127 1261 5184; x_wconf 84' lang='lat' dir='ltr'>per·</span> <span class='ocrx_word' id='word_1_719' title='bbox 1274 5111 1411 5168; x_wconf 82' lang='lat' dir='ltr'>Zenonem</span> <span class='ocrx_word' id='word_1_720' title='bbox 1424 5111 1504 5168; x_wconf 78' lang='lat' dir='ltr'>interit</span> <span class='ocrx_word' id='word_1_721' title='bbox 1517 5113 1666 5168; x_wconf 85' lang='lat' dir='ltr'>conditum.</span> <span class='ocrx_word' id='word_1_722' title='bbox 1679 5113 1718 5168; x_wconf 83' lang='lat' dir='ltr'>uti</span> <span class='ocrx_word' id='word_1_723' title='bbox 1732 5108 1903 5169; x_wconf 67' lang='lat' dir='ltr'>dissertatioe</span> 
     </span>
     <span class='ocr_line' id='line_1_53' title="bbox 275 5179 1903 5256; baseline -0.002 -17"><span class='ocrx_word' id='word_1_724' title='bbox 275 5185 394 5256; x_wconf 89' lang='lat' dir='ltr'>utamur)</span> <span class='ocrx_word' id='word_1_725' title='bbox 412 5184 514 5241; x_wconf 81' lang='lat' dir='ltr'>erolum</span> <span class='ocrx_word' id='word_1_726' title='bbox 527 5197 668 5256; x_wconf 80' lang='lat' dir='ltr'>apparent.</span> <span class='ocrx_word' id='word_1_727' title='bbox 686 5199 747 5255; x_wconf 79' lang='lat' dir='ltr'>pure</span> <span class='ocrx_word' id='word_1_728' title='bbox 761 5182 787 5237; x_wconf 90' lang='lat' dir='ltr'>in</span> <span class='ocrx_word' id='word_1_729' title='bbox 801 5183 871 5239; x_wconf 78' lang='lat' dir='ltr'>hone</span> <span class='ocrx_word' id='word_1_730' title='bbox 886 5182 972 5238; x_wconf 91' lang='lat' dir='ltr'>lt&#39;itarn</span> <span class='ocrx_word' id='word_1_731' title='bbox 983 5179 1070 5238; x_wconf 87' lang='lat' dir='ltr'>Coro-</span> <span class='ocrx_word' id='word_1_732' title='bbox 1124 5199 1163 5250; x_wconf 88' lang='grc' dir='ltr'>ιιι,</span> <span class='ocrx_word' id='word_1_733' title='bbox 1176 5199 1236 5252; x_wconf 86' lang='lat' dir='ltr'>cap.</span> <span class='ocrx_word' id='word_1_734' title='bbox 1253 5199 1263 5239; x_wconf 90' lang='grc' dir='ltr'>ι</span> <span class='ocrx_word' id='word_1_735' title='bbox 1290 5181 1344 5256; x_wconf 65' lang='grc'>15.</span> <span class='ocrx_word' id='word_1_736' title='bbox 1374 5185 1542 5240; x_wconf 86' lang='lat' dir='ltr'>ostendimus</span> <span class='ocrx_word' id='word_1_737' title='bbox 1557 5202 1564 5239; x_wconf 77' lang='grc' dir='ltr'>ι</span> <span class='ocrx_word' id='word_1_738' title='bbox 1580 5183 1647 5240; x_wconf 86' lang='lat' dir='ltr'>niltil</span> <span class='ocrx_word' id='word_1_739' title='bbox 1668 5194 1756 5242; x_wconf 87' lang='lat' dir='ltr'>tamen</span> <span class='ocrx_word' id='word_1_740' title='bbox 1770 5191 1805 5239; x_wconf 75' lang='lat' dir='ltr'>de</span> <span class='ocrx_word' id='word_1_741' title='bbox 1818 5193 1903 5237; x_wconf 78' lang='lat' dir='ltr'>rnunts·</span> 
     </span>
     <span class='ocr_line' id='line_1_54' title="bbox 274 5253 1902 5327; baseline 0 -17"><span class='ocrx_word' id='word_1_742' title='bbox 274 5263 354 5313; x_wconf 87' lang='lat' dir='ltr'>natm</span> <span class='ocrx_word' id='word_1_743' title='bbox 366 5257 492 5326; x_wconf 80' lang='lat' dir='ltr'>conjecit.</span> <span class='ocrx_word' id='word_1_744' title='bbox 515 5253 694 5326; x_wconf 76' lang='lat' dir='ltr'>inrepraejus</span> <span class='ocrx_word' id='word_1_745' title='bbox 711 5257 833 5324; x_wconf 85' lang='lat' dir='ltr'>nrooemii</span> <span class='ocrx_word' id='word_1_746' title='bbox 857 5254 938 5312; x_wconf 84' lang='lat' dir='ltr'>rerba</span> <span class='ocrx_word' id='word_1_747' title='bbox 960 5255 1005 5310; x_wconf 90' lang='lat' dir='ltr'>lric</span> <span class='ocrx_word' id='word_1_748' title='bbox 1023 5269 1074 5324; x_wconf 85' lang='lat' dir='ltr'>ap·</span> <span class='ocrx_word' id='word_1_749' title='bbox 1125 5261 1193 5311; x_wconf 90' lang='lat' dir='ltr'>tcno</span> <span class='ocrx_word' id='word_1_750' title='bbox 1213 5256 1333 5311; x_wconf 89' lang='lat' dir='ltr'>virorum</span> <span class='ocrx_word' id='word_1_751' title='bbox 1357 5255 1484 5312; x_wconf 86' lang='lat' dir='ltr'>traditum</span> <span class='ocrx_word' id='word_1_752' title='bbox 1508 5258 1662 5326; x_wconf 83' lang='lat' dir='ltr'>accepimus</span> <span class='ocrx_word' id='word_1_753' title='bbox 1679 5275 1687 5310; x_wconf 91' lang='lat'>:</span> <span class='ocrx_word' id='word_1_754' title='bbox 1706 5270 1756 5313; x_wconf 89' lang='lat' dir='ltr'>nec</span> <span class='ocrx_word' id='word_1_755' title='bbox 1774 5253 1902 5327; x_wconf 66' lang='lat' dir='ltr'>Episrunti</span> 
     </span>
     <span class='ocr_line' id='line_1_55' title="bbox 274 5325 1903 5400; baseline -0.002 -15"><span class='ocrx_word' id='word_1_756' title='bbox 274 5328 430 5400; x_wconf 89' lang='lat' dir='ltr'>pendimus.</span> <span class='ocrx_word' id='word_1_757' title='bbox 444 5343 505 5385; x_wconf 92' lang='lat' dir='ltr'>cum</span> <span class='ocrx_word' id='word_1_758' title='bbox 519 5335 649 5396; x_wconf 81' lang='lat' dir='ltr'>praetcrea</span> <span class='ocrx_word' id='word_1_759' title='bbox 660 5328 726 5384; x_wconf 88' lang='lat' dir='ltr'>satis</span> <span class='ocrx_word' id='word_1_760' title='bbox 738 5326 885 5394; x_wconf 88' lang='lat' dir='ltr'>insiumnt,</span> <span class='ocrx_word' id='word_1_761' title='bbox 896 5325 1072 5382; x_wconf 81' lang='lat' dir='ltr'>confirment·</span> <span class='ocrx_word' id='word_1_762' title='bbox 1126 5333 1262 5398; x_wconf 81' lang='lat' dir='ltr'>tamquam</span> <span class='ocrx_word' id='word_1_763' title='bbox 1285 5325 1441 5382; x_wconf 84' lang='lat' dir='ltr'>nrnrrasterii</span> <span class='ocrx_word' id='word_1_764' title='bbox 1459 5326 1589 5384; x_wconf 82' lang='lat' dir='ltr'>nutarem</span> <span class='ocrx_word' id='word_1_765' title='bbox 1603 5342 1632 5384; x_wconf 89' lang='lat' dir='ltr'>sc</span> <span class='ocrx_word' id='word_1_766' title='bbox 1645 5329 1774 5399; x_wconf 71' lang='lat' dir='ltr'>gessisse,</span> <span class='ocrx_word' id='word_1_767' title='bbox 1794 5325 1839 5382; x_wconf 87' lang='lat' dir='ltr'>sed</span> <span class='ocrx_word' id='word_1_768' title='bbox 1858 5334 1903 5376; x_wconf 83' lang='lat' dir='ltr'>eoru</span> 
     </span>
     <span class='ocr_line' id='line_1_56' title="bbox 273 5395 1904 5473; baseline -0.002 -17"><span class='ocrx_word' id='word_1_769' title='bbox 273 5415 338 5472; x_wconf 83' lang='lat' dir='ltr'>que,</span> <span class='ocrx_word' id='word_1_770' title='bbox 351 5414 411 5473; x_wconf 77' lang='lat' dir='ltr'>que</span> <span class='ocrx_word' id='word_1_771' title='bbox 422 5399 486 5455; x_wconf 84' lang='lat' dir='ltr'>stilti</span> <span class='ocrx_word' id='word_1_772' title='bbox 497 5399 624 5464; x_wconf 80' lang='lat' dir='ltr'>diximus,</span> <span class='ocrx_word' id='word_1_773' title='bbox 637 5400 705 5455; x_wconf 89' lang='lat' dir='ltr'>nilsil</span> <span class='ocrx_word' id='word_1_774' title='bbox 715 5397 749 5453; x_wconf 92' lang='lat' dir='ltr'>de</span> <span class='ocrx_word' id='word_1_775' title='bbox 760 5397 789 5454; x_wconf 87' lang='lat' dir='ltr'>S.</span> <span class='ocrx_word' id='word_1_776' title='bbox 801 5395 917 5453; x_wconf 87' lang='lat' dir='ltr'>Zenonis</span> <span class='ocrx_word' id='word_1_777' title='bbox 928 5397 1072 5455; x_wconf 88' lang='lat' dir='ltr'>virtutibus</span> <span class='ocrx_word' id='word_1_778' title='bbox 1125 5413 1174 5454; x_wconf 87' lang='lat' dir='ltr'>sno</span> <span class='ocrx_word' id='word_1_779' title='bbox 1196 5399 1270 5454; x_wconf 87' lang='lat' dir='ltr'>clero</span> <span class='ocrx_word' id='word_1_780' title='bbox 1293 5396 1326 5454; x_wconf 87' lang='lat' dir='ltr'>ad</span> <span class='ocrx_word' id='word_1_781' title='bbox 1341 5413 1476 5454; x_wconf 89' lang='lat' dir='ltr'>sorrnrmm</span> <span class='ocrx_word' id='word_1_782' title='bbox 1499 5399 1637 5455; x_wconf 85' lang='lat' dir='ltr'>exstitisse</span> <span class='ocrx_word' id='word_1_783' title='bbox 1651 5399 1705 5454; x_wconf 89' lang='lat' dir='ltr'>dici</span> <span class='ocrx_word' id='word_1_784' title='bbox 1719 5407 1816 5468; x_wconf 89' lang='lat' dir='ltr'>potest.</span> <span class='ocrx_word' id='word_1_785' title='bbox 1830 5395 1904 5458; x_wconf 72' lang='lat' dir='ltr'>Neruo</span> 
     </span>
     <span class='ocr_line' id='line_1_57' title="bbox 275 5465 1904 5542; baseline -0.007 -15"><span class='ocrx_word' id='word_1_786' title='bbox 275 5473 410 5542; x_wconf 89' lang='lat' dir='ltr'>proditum</span> <span class='ocrx_word' id='word_1_787' title='bbox 427 5473 521 5539; x_wconf 85' lang='lat' dir='ltr'>luisse,</span> <span class='ocrx_word' id='word_1_788' title='bbox 535 5469 583 5526; x_wconf 88' lang='lat' dir='ltr'>scd</span> <span class='ocrx_word' id='word_1_789' title='bbox 597 5471 631 5526; x_wconf 92' lang='lat' dir='ltr'>de</span> <span class='ocrx_word' id='word_1_790' title='bbox 644 5471 782 5527; x_wconf 88' lang='lat' dir='ltr'>miraculis</span> <span class='ocrx_word' id='word_1_791' title='bbox 795 5476 911 5535; x_wconf 83' lang='lat' dir='ltr'>turtum,</span> <span class='ocrx_word' id='word_1_792' title='bbox 926 5468 959 5524; x_wconf 92' lang='lat' dir='ltr'>de</span> <span class='ocrx_word' id='word_1_793' title='bbox 974 5470 1072 5542; x_wconf 84' lang='lat' dir='ltr'>qrribns</span> <span class='ocrx_word' id='word_1_794' title='bbox 1123 5481 1242 5542; x_wconf 90' lang='lat' dir='ltr'>opponat</span> <span class='ocrx_word' id='word_1_795' title='bbox 1256 5471 1328 5540; x_wconf 73' lang='lat' dir='ltr'>spuis,</span> <span class='ocrx_word' id='word_1_796' title='bbox 1345 5471 1371 5526; x_wconf 92' lang='lat' dir='ltr'>in</span> <span class='ocrx_word' id='word_1_797' title='bbox 1386 5471 1462 5527; x_wconf 81' lang='lat' dir='ltr'>dctis</span> <span class='ocrx_word' id='word_1_798' title='bbox 1477 5467 1528 5528; x_wconf 90' lang='lat' dir='ltr'>SS.</span> <span class='ocrx_word' id='word_1_799' title='bbox 1543 5469 1626 5527; x_wconf 80' lang='lat' dir='ltr'>Fir-nti</span> <span class='ocrx_word' id='word_1_800' title='bbox 1639 5480 1666 5526; x_wconf 89' lang='lat' dir='ltr'>et</span> <span class='ocrx_word' id='word_1_801' title='bbox 1680 5465 1781 5527; x_wconf 81' lang='lat' dir='ltr'>lius&#39;tici</span> <span class='ocrx_word' id='word_1_802' title='bbox 1796 5473 1904 5523; x_wconf 78' lang='lat' dir='ltr'>nsonostc·</span> 
     </span>
     <span class='ocr_line' id='line_1_58' title="bbox 276 5535 1905 5615; baseline -0.009 -17"><span class='ocrx_word' id='word_1_803' title='bbox 276 5552 366 5600; x_wconf 79' lang='lat' dir='ltr'>temen</span> <span class='ocrx_word' id='word_1_804' title='bbox 389 5545 445 5615; x_wconf 83' lang='lat' dir='ltr'>ipsa</span> <span class='ocrx_word' id='word_1_805' title='bbox 459 5544 518 5600; x_wconf 87' lang='lat' dir='ltr'>sola</span> <span class='ocrx_word' id='word_1_806' title='bbox 531 5541 619 5612; x_wconf 86' lang='lat' dir='ltr'>populi</span> <span class='ocrx_word' id='word_1_807' title='bbox 635 5543 768 5598; x_wconf 89' lang='lat' dir='ltr'>memoria</span> <span class='ocrx_word' id='word_1_808' title='bbox 780 5551 930 5610; x_wconf 86' lang='lat' dir='ltr'>supererat.</span> <span class='ocrx_word' id='word_1_809' title='bbox 944 5538 976 5595; x_wconf 86' lang='lat' dir='ltr'>B.</span> <span class='ocrx_word' id='word_1_810' title='bbox 992 5539 1072 5596; x_wconf 78' lang='lat' dir='ltr'>Zoro·</span> <span class='ocrx_word' id='word_1_811' title='bbox 1123 5541 1157 5596; x_wconf 84' lang='lat' dir='ltr'>rii</span> <span class='ocrx_word' id='word_1_812' title='bbox 1170 5555 1231 5597; x_wconf 86' lang='lat' dir='ltr'>csse</span> <span class='ocrx_word' id='word_1_813' title='bbox 1257 5540 1431 5600; x_wconf 88' lang='lat' dir='ltr'>mentionem.</span> <span class='ocrx_word' id='word_1_814' title='bbox 1449 5544 1475 5597; x_wconf 92' lang='lat' dir='ltr'>in</span> <span class='ocrx_word' id='word_1_815' title='bbox 1488 5557 1542 5612; x_wconf 80' lang='lat' dir='ltr'>ono</span> <span class='ocrx_word' id='word_1_816' title='bbox 1563 5542 1592 5599; x_wconf 90' lang='lat' dir='ltr'>S.</span> <span class='ocrx_word' id='word_1_817' title='bbox 1615 5541 1744 5598; x_wconf 85' lang='lat' dir='ltr'>Proculus</span> <span class='ocrx_word' id='word_1_818' title='bbox 1758 5540 1788 5598; x_wconf 89' lang='lat' dir='ltr'>S.</span> <span class='ocrx_word' id='word_1_819' title='bbox 1805 5535 1905 5595; x_wconf 85' lang='lat' dir='ltr'>Zenonis</span> 
     </span>
     <span class='ocr_line' id='line_1_59' title="bbox 274 5610 1905 5685; baseline -0.003 -16"><span class='ocrx_word' id='word_1_820' title='bbox 274 5615 315 5670; x_wconf 89' lang='lat' dir='ltr'>sris</span> <span class='ocrx_word' id='word_1_821' title='bbox 332 5613 514 5672; x_wconf 72' lang='lat' dir='ltr'>loenensium</span> <span class='ocrx_word' id='word_1_822' title='bbox 535 5612 746 5676; x_wconf 66' lang='lat' dir='ltr'>coenonema</span> <span class='ocrx_word' id='word_1_823' title='bbox 765 5613 852 5667; x_wconf 83' lang='lat' dir='ltr'>omnio</span> <span class='ocrx_word' id='word_1_824' title='bbox 864 5612 1000 5673; x_wconf 83' lang='lat' dir='ltr'>miraculo.</span> <span class='ocrx_word' id='word_1_825' title='bbox 1014 5613 1071 5683; x_wconf 79' lang='lat' dir='ltr'>qui·</span> <span class='ocrx_word' id='word_1_826' title='bbox 1126 5610 1310 5685; x_wconf 77' lang='lat' dir='ltr'>praedecessor</span> <span class='ocrx_word' id='word_1_827' title='bbox 1324 5615 1375 5667; x_wconf 88' lang='lat' dir='ltr'>suls</span> <span class='ocrx_word' id='word_1_828' title='bbox 1386 5613 1471 5682; x_wconf 89' lang='lat' dir='ltr'>ipsum</span> <span class='ocrx_word' id='word_1_829' title='bbox 1485 5613 1646 5670; x_wconf 82' lang='lat' dir='ltr'>Diocletiani</span> <span class='ocrx_word' id='word_1_830' title='bbox 1657 5625 1682 5668; x_wconf 88' lang='lat' dir='ltr'>et</span> <span class='ocrx_word' id='word_1_831' title='bbox 1697 5611 1844 5669; x_wconf 84' lang='lat' dir='ltr'>llasimisni</span> <span class='ocrx_word' id='word_1_832' title='bbox 1858 5619 1905 5676; x_wconf 64' lang='lat' dir='ltr'>rut*</span> 
     </span>
     <span class='ocr_line' id='line_1_60' title="bbox 274 5679 1905 5757; baseline -0.004 -18"><span class='ocrx_word' id='word_1_833' title='bbox 274 5684 321 5741; x_wconf 81' lang='lat' dir='ltr'>lus</span> <span class='ocrx_word' id='word_1_834' title='bbox 333 5686 437 5750; x_wconf 84' lang='lat' dir='ltr'>claruit,</span> <span class='ocrx_word' id='word_1_835' title='bbox 457 5684 544 5743; x_wconf 79' lang='lat' dir='ltr'>idosrei</span> <span class='ocrx_word' id='word_1_836' title='bbox 559 5702 610 5741; x_wconf 90' lang='lat' dir='ltr'>non</span> <span class='ocrx_word' id='word_1_837' title='bbox 630 5686 792 5741; x_wconf 77' lang='lat' dir='ltr'>insertionem</span> <span class='ocrx_word' id='word_1_838' title='bbox 806 5701 880 5757; x_wconf 85' lang='lat' dir='ltr'>posse</span> <span class='ocrx_word' id='word_1_839' title='bbox 892 5684 963 5738; x_wconf 74' lang='lat' dir='ltr'>sotis</span> <span class='ocrx_word' id='word_1_840' title='bbox 975 5697 1070 5738; x_wconf 84' lang='lat' dir='ltr'>norro·</span> <span class='ocrx_word' id='word_1_841' title='bbox 1124 5685 1291 5741; x_wconf 88' lang='lat' dir='ltr'>secutionem</span> <span class='ocrx_word' id='word_1_842' title='bbox 1306 5684 1427 5740; x_wconf 80' lang='lat' dir='ltr'>latitasse</span> <span class='ocrx_word' id='word_1_843' title='bbox 1439 5686 1562 5755; x_wconf 91' lang='lat' dir='ltr'>proditor</span> <span class='ocrx_word' id='word_1_844' title='bbox 1579 5704 1585 5740; x_wconf 95' lang='lat'><strong>:</strong></span> <span class='ocrx_word' id='word_1_845' title='bbox 1603 5702 1664 5741; x_wconf 89' lang='lat' dir='ltr'>nam</span> <span class='ocrx_word' id='word_1_846' title='bbox 1679 5684 1715 5741; x_wconf 88' lang='lat' dir='ltr'>iln</span> <span class='ocrx_word' id='word_1_847' title='bbox 1729 5679 1905 5740; x_wconf 83' lang='lat' dir='ltr'>rnormsterlnut</span> 
     </span>
     <span class='ocr_line' id='line_1_61' title="bbox 275 5753 1905 5830; baseline -0.002 -20"><span class='ocrx_word' id='word_1_848' title='bbox 275 5758 342 5814; x_wconf 90' lang='lat' dir='ltr'>tione</span> <span class='ocrx_word' id='word_1_849' title='bbox 359 5759 458 5816; x_wconf 84' lang='lat' dir='ltr'>trudere</span> <span class='ocrx_word' id='word_1_850' title='bbox 472 5758 634 5830; x_wconf 78' lang='lat' dir='ltr'>conpetenti,</span> <span class='ocrx_word' id='word_1_851' title='bbox 651 5757 733 5829; x_wconf 72' lang='lat' dir='ltr'>irrepis</span> <span class='ocrx_word' id='word_1_852' title='bbox 746 5771 830 5811; x_wconf 87' lang='lat' dir='ltr'>tomen</span> <span class='ocrx_word' id='word_1_853' title='bbox 849 5767 877 5810; x_wconf 88' lang='lat' dir='ltr'>m</span> <span class='ocrx_word' id='word_1_854' title='bbox 889 5755 1017 5810; x_wconf 80' lang='lat' dir='ltr'>rideretur·</span> <span class='ocrx_word' id='word_1_855' title='bbox 1029 5772 1071 5811; x_wconf 86' lang='lat' dir='ltr'>ra·</span> <span class='ocrx_word' id='word_1_856' title='bbox 1126 5755 1213 5810; x_wconf 85' lang='lat' dir='ltr'>loono</span> <span class='ocrx_word' id='word_1_857' title='bbox 1238 5762 1373 5812; x_wconf 86' lang='lat' dir='ltr'>remotum</span> <span class='ocrx_word' id='word_1_858' title='bbox 1396 5755 1540 5826; x_wconf 75' lang='lat' dir='ltr'>sipnillcat,</span> <span class='ocrx_word' id='word_1_859' title='bbox 1557 5755 1583 5814; x_wconf 91' lang='lat' dir='ltr'>irr</span> <span class='ocrx_word' id='word_1_860' title='bbox 1605 5772 1660 5828; x_wconf 78' lang='lat' dir='ltr'>qno</span> <span class='ocrx_word' id='word_1_861' title='bbox 1680 5769 1748 5812; x_wconf 88' lang='lat' dir='ltr'>unus</span> <span class='ocrx_word' id='word_1_862' title='bbox 1768 5753 1905 5810; x_wconf 78' lang='lat' dir='ltr'>solitariam</span> 
     </span>
     <span class='ocr_line' id='line_1_62' title="bbox 275 5825 1905 5902; baseline -0.001 -20"><span class='ocrx_word' id='word_1_863' title='bbox 275 5837 329 5883; x_wconf 87' lang='lat' dir='ltr'>turn</span> <span class='ocrx_word' id='word_1_864' title='bbox 349 5841 396 5900; x_wconf 84' lang='lat' dir='ltr'>cst,</span> <span class='ocrx_word' id='word_1_865' title='bbox 411 5840 437 5885; x_wconf 85' lang='grc' dir='ltr'>ιιι</span> <span class='ocrx_word' id='word_1_866' title='bbox 450 5829 574 5888; x_wconf 85' lang='lat' dir='ltr'>scrutom&#39;s</span> <span class='ocrx_word' id='word_1_867' title='bbox 587 5828 686 5899; x_wconf 68' lang='lat' dir='ltr'>offenso</span> <span class='ocrx_word' id='word_1_868' title='bbox 700 5828 776 5897; x_wconf 83' lang='lat' dir='ltr'>serie,</span> <span class='ocrx_word' id='word_1_869' title='bbox 797 5827 887 5900; x_wconf 74' lang='lat' dir='ltr'>olium</span> <span class='ocrx_word' id='word_1_870' title='bbox 905 5843 936 5885; x_wconf 78' lang='lat' dir='ltr'>cs</span> <span class='ocrx_word' id='word_1_871' title='bbox 950 5844 980 5884; x_wconf 86' lang='lat' dir='ltr'>co</span> <span class='ocrx_word' id='word_1_872' title='bbox 999 5827 1070 5884; x_wconf 81' lang='lat' dir='ltr'>dioc·</span> <span class='ocrx_word' id='word_1_873' title='bbox 1126 5827 1206 5884; x_wconf 87' lang='lat' dir='ltr'>vitam</span> <span class='ocrx_word' id='word_1_874' title='bbox 1233 5827 1357 5900; x_wconf 72' lang='lat' dir='ltr'>csipctnt</span> <span class='ocrx_word' id='word_1_875' title='bbox 1381 5845 1388 5884; x_wconf 79' lang='grc' dir='ltr'>ι</span> <span class='ocrx_word' id='word_1_876' title='bbox 1417 5844 1497 5901; x_wconf 84' lang='lat' dir='ltr'>tptmm</span> <span class='ocrx_word' id='word_1_877' title='bbox 1524 5831 1664 5902; x_wconf 84' lang='lat' dir='ltr'>antiquam</span> <span class='ocrx_word' id='word_1_878' title='bbox 1696 5825 1905 5900; x_wconf 75' lang='lat' dir='ltr'>significationen</span> 
     </span>
    </p>
   </div>
   <div class='ocr_carea' id='block_1_7' title="bbox 0 0 1989 6308">
    <p class='ocr_par' dir='ltr' id='par_1_9' title="bbox 0 0 1989 6308">
     <span class='ocr_line' id='line_1_63' title="bbox 0 0 1989 6308; baseline 0 0"><span class='ocrx_word' id='word_1_879' title='bbox 0 0 1989 6308; x_wconf 95' lang='lat' dir='ltr'> </span> 
     </span>
    </p>
   </div>
  </div>
 </body>
</html>
