3950 6317
297 266 369 328 tiss
445 295 452 302 ·
783 256 898 319 GESTA
916 252 1143 317 cottnttottls
1161 253 1474 318 cmtfltstrintism.
1824 265 1856 319 tia·

300 386 360 458 prio
389 384 475 460 m
497 381 650 441 redituros:
664 379 737 452 iuri
757 394 802 438 rne
813 387 842 437 et
860 393 910 451 per
929 378 1102 436 tremendum
1116 377 1142 440 Α
1154 375 1304 450 intelligant
1316 377 1461 447 interesse,
1474 384 1505 434 ot
1514 378 1539 434 si
1547 377 1595 450 gni
1607 391 1642 433 aa
1653 374 1857 448 disparartilnsa-‘s

297 477 394 552 judicii
408 477 494 540 diem,
510 485 537 532 et
548 489 599 548 per
612 481 781 530 sacramenta
796 471 924 544 ruperim
937 478 1100 537 memorata,
1154 485 1208 543 que
1221 471 1342 543 septenis
1352 473 1479 530 conterre
1490 471 1638 530 eonsilium
1648 487 1706 528 curn
1716 487 1798 528 suumn
1805 491 1857 549 pii

195 617 200 626 .
300 573 339 630 ita
363 571 498 628 iacturum
520 583 582 628 esse
604 568 745 641 polliceor.
770 567 872 622 ornnes
891 573 981 622 autem
1003 563 1049 636 gui
1066 563 1102 620 ad
1153 562 1287 630 voluerit,
1302 578 1365 620 cum
1378 563 1475 622 roden
1490 564 1857 640 ttticseoodarinparrmnm

303 666 424 738 singulas
444 665 595 738 pmrincias
620 663 727 721 lucrant
746 660 895 726 destinati,
921 658 1049 716 noverint
1073 659 1102 713 in
1153 655 1191 712 ibi
1205 658 1401 714 communicata
1424 659 1563 729 patienter
1581 660 1687 715 ratione
1706 661 1818 727 tractandi,
1831 680 1857 733 p.

301 757 378 814 nullo
390 773 420 814 se
432 771 597 830 quemquam
610 755 740 826 deinceps
752 755 953 811 Donatistarum
968 751 1102 822 atrquate·
1153 750 1242 820 prium
1255 759 1408 808 reuertatur
1422 751 1457 807 ad
1473 752 1579 818 locum,
1592 750 1675 807 idem
1685 761 1809 808 murus
1815 755 1858 812 rbi.

301 865 354 908 nus
366 849 514 908 contenire
527 848 646 907 debere:
669 847 712 904 rel
727 847 844 920 aliquam
866 845 962 902 iinlem
977 843 1103 916 superio·
1152 849 1183 899 ut
1196 843 1275 914 alter,
1290 843 1336 900 cni
1349 844 1377 900 id
1391 859 1505 902 necesse
1519 853 1579 913 est,
1598 844 1858 904 tacendoaudimlam

300 945 340 1002 ris
353 941 522 1001 executionis
536 940 687 998 molestiam
707 953 860 1012 generare,
884 938 912 993 ni
927 936 1033 993 malunt
1052 950 1102 1008 pro
1152 937 1278 1004 mendet;
1296 938 1366 995 alter
1376 939 1421 996 eui
1434 937 1461 994 id
1475 955 1576 995 monus
1588 946 1652 1005 est,
1675 939 1859 1012 minatorem

299 1043 457 1108 contemptu
473 1034 635 1093 recentioris
654 1030 783 1105 precepti
801 1030 943 1103 subjacere
958 1026 1099 1086 uindictae.
1152 1028 1308 1087 condrmet.
1328 1029 1398 1099 ,linit
1418 1042 1510 1088 autem
1533 1031 1671 1088 collationi
1693 1032 1813 1102 aptissime
1826 1037 1860 1090 ers

297 1132 357 1190 Erit
369 1140 459 1186 autem
474 1127 602 1185 omnibus
616 1123 774 1182 Dortatimras
787 1123 872 1196 partis
886 1119 1054 1188 bominibus,
1065 1119 1102 1177 de
1151 1123 1334 1182 Thermarum
1343 1125 1572 1197 Gargilianaron,
1582 1128 1611 1182 in
1622 1126 1749 1198 quemdie
1758 1126 1859 1184 kaletam

298 1239 393 1284 eorum
408 1223 456 1294 riui
475 1221 551 1279 missi
564 1227 629 1278 sunt
640 1216 865 1276 concussionibus
879 1221 908 1271 et
921 1212 1102 1286 depraedatio·
1151 1212 1293 1272 laniarum
1303 1215 1416 1273 eosdem
1425 1217 1571 1290 episcopos
1583 1215 1657 1272 solos
1666 1215 1712 1288 gni
1724 1217 1821 1286 designo
1832 1234 1859 1272 nr

300 1317 394 1388 nibus,
406 1317 429 1372 si
441 1329 510 1389 quas
524 1315 595 1372 torte
609 1311 741 1368 admissas
754 1325 815 1368 esse
828 1317 974 1376 noverunt,
986 1307 1101 1364 liberunt
1151 1317 1277 1380 oporteat
1298 1309 1456 1365 convenire.
1486 1308 1528 1365 lix
1547 1323 1604 1378 gur
1619 1308 1688 1364 illud
1702 1307 1860 1380 proleeropop¹

299 1408 526 1484 conquerimur
540 1422 588 1464 eos
599 1406 712 1478 probata
724 1403 868 1460 criminum
880 1401 1021 1474 qualitate,
1033 1399 1102 1456 ultio
1151 1412 1233 1455 cuum
1245 1408 1298 1465 cst,
1309 1413 1343 1456 eo
1354 1399 1458 1457 nullum
1472 1400 1583 1470 penitus
1595 1400 1686 1470 populi
1699 1397 1750 1455 ieri
1759 1399 1860 1454 meros

299 1506 380 1579 digna
396 1503 536 1578 procedat.
556 1500 592 1558 lit
605 1502 659 1556 clio
671 1515 760 1556 mans.
780 1499 961 1569 Proponatur.
1151 1500 1280 1560 rentum,
1301 1505 1356 1564 gno
1369 1507 1420 1550 nec
1437 1493 1512 1564 ipsos
1533 1493 1676 1549 universos
1692 1491 1860 1548 mndmcsirm

337 1601 366 1658 6.
388 1597 559 1656 llnrceilirrarr
579 1596 618 1652 uir
632 1594 793 1650 clarissimus
810 1593 928 1648 nitriam
938 1599 962 1646 et
983 1588 1102 1645 notarim
1152 1587 1308 1659 episcopos.
1336 1585 1405 1642 liam
1425 1600 1489 1642 cnm
1504 1586 1633 1657 patientia
1649 1585 1785 1655 disputanti
1797 1588 1860 1655 gissi

301 1695 377 1752 disis.
393 1694 505 1750 Lectum
519 1691 637 1749 edictum
651 1689 736 1762 gestis
750 1685 929 1760 presentibus
939 1683 1099 1751 adbarebit,
1151 1680 1240 1736 amica
1254 1679 1367 1737 silentio
1377 1687 1436 1747 est,
1451 1694 1561 1736 omnem
1574 1680 1728 1735 catenatim
1744 1678 1861 1751 agninam

300 1804 356 1863 quo
367 1796 475 1846 constm
496 1801 540 1844 nte
560 1784 714 1844 evidentius
728 1781 876 1850 obtulisse,
901 1789 930 1836 ut
941 1779 965 1835 si
979 1779 1101 1862 placeret
1114 1770 1140 1832 tt
1152 1773 1237 1845 pirum
1250 1772 1461 1844 perhorreseat,
1482 1772 1549 1829 nibil
1563 1773 1695 1840 interest,
1707 1783 1860 1829 amaeam

299 1884 403 1942 electus
417 1897 432 1938 a
447 1889 537 1939 restra
553 1887 629 1952 parte
648 1891 757 1935 mecum
771 1875 840 1932 alius
853 1871 979 1946 cognitor
997 1870 1102 1929 reside-
1151 1866 1239 1937 gestio
1253 1866 1428 1938 populorum,
1442 1881 1478 1922 an
1492 1865 1684 1938 episcoporum
1697 1865 1859 1936 romaum&

299 1984 360 2034 ret:
379 1975 573 2049 quisiprrcsto
587 1979 640 2036 est,
657 1970 772 2026 introire
784 1968 920 2040 dignetur.
1151 1957 1235 2030 lgitur
1247 1957 1369 2030 episcopi
1393 1959 1536 2015 memorati
1557 1958 1611 2015 soli
1633 1959 1660 2014 in
1681 1957 1860 2030 prodromum

332 2069 361 2126 t.
384 2066 533 2123 Petitiorrm
557 2065 694 2136 episcopm
713 2061 790 2116 dimi.
819 2059 878 2116 lion
894 2057 976 2116 decet
989 2071 1100 2114 noseo-
1147 2059 1313 2133 ,tempusque
1327 2051 1511 2108 conveniant:
1534 2051 1572 2107 ita
1594 2059 1683 2108 umen
1700 2052 1860 2122 ormisdam

299 2159 436 2232 gnitorern
448 2158 549 2230 eligere
560 2156 697 2222 alterum,
721 2151 770 2224 gui
790 2165 845 2209 non
870 2148 1018 2223 petivimus
1044 2147 1101 2220 pri·
1151 2147 1293 2217 animone
1307 2147 1392 2218 partis
1405 2145 1527 2216 episcopi
1539 2146 1687 2202 antediem
1699 2145 1741 2217 goi
1760 2145 1860 2215 preleio-

299 2265 386 2308 mum.
408 2248 443 2305 tir
458 2249 511 2304 olio
522 2263 612 2302 mons.
634 2245 798 2316 lieoognori.
1151 2245 1195 2293 tns
1205 2237 1324 2294 examini
1335 2245 1387 2303 est,
1400 2246 1487 2292 ratum
1500 2253 1532 2292 se
1544 2235 1685 2292 babituros
1693 2236 1860 2307 miegnidrais

335 2341 364 2398 8.
387 2339 559 2396 ttarrmtinm
580 2338 619 2394 rir
631 2335 790 2392 clarissimus
813 2333 931 2391 tribunus
943 2342 968 2390 et
982 2333 1100 2389 notariae
1151 2329 1195 2386 nis
1209 2331 1334 2402 utringue
1348 2329 1518 2402 coepiscopis
1530 2330 1588 2386 suis
1606 2328 1686 2385 luerit
1706 2329 1858 2394 suumomni

299 2434 376 2491 dicit.
406 2429 617 2489 Evidentissime
643 2427 836 2503 preceptionis
857 2435 980 2499 augustae
1004 2433 1100 2482 tenore
1150 2425 1229 2482 stolis
1255 2425 1289 2480 ad
1314 2440 1402 2482 meam
1429 2425 1595 2482 dicationem
1621 2425 1777 2481 cumennora
1795 2422 1858 2489 nube

298 2527 467 2586 declaratum
492 2534 536 2583 est
555 2522 730 2582 collationem
752 2537 805 2578 norr
826 2522 995 2592 cognitorem
1014 2517 1101 2574 luisse
1150 2519 1301 2591 designent.
1318 2519 1422 2590 Quibus
1432 2519 1555 2590 epistolis
1566 2529 1658 2576 tamen
1667 2521 1740 2575 edan
1751 2519 1858 2573 retinen

297 2620 460 2694 postulatum
473 2659 482 2687 ,
495 2626 524 2676 et
535 2616 649 2674 arbitrio
661 2629 712 2672 suo
728 2628 795 2669 mern
809 2608 1007 2668 mediocritatis
1024 2605 1099 2679 judi·
1149 2627 1246 2669 omnm
1267 2613 1340 2684 spuit
1361 2628 1406 2668 iiie
1421 2614 1539 2686 piopiiae
1560 2613 1755 2685 subscriptionis
1770 2611 1857 2681 mirga.

296 2714 369 2771 cium
382 2711 536 2785 delegisse:
559 2710 602 2766 eui
626 2721 740 2764 necesse
751 2713 794 2762 est
808 2718 853 2761 rne
866 2703 993 2760 omnibus
1006 2699 1096 2756 modis
1150 2703 1346 2776 AEquissirrrurn
1362 2719 1480 2775 namque
1493 2712 1555 2771 est,
1570 2713 1600 2760 ut
1613 2719 1706 2760 sorum
1717 2702 1856 2759 uidisses

297 2805 453 2873 inservire,
475 2818 537 2860 cunr
561 2801 590 2858 et
611 2798 783 2858 sanctitatem
797 2804 915 2855 restrum
928 2795 990 2852 ideo
1000 2808 1101 2852 conre-
1150 2797 1189 2852 tio
1202 2808 1260 2852 rata
1274 2797 1366 2852 lutura
1378 2797 1551 2866 promittatur
1563 2797 1600 2854 ab
1607 2795 1856 2868 omnibnsguislims

296 2898 372 2955 nisse
386 2894 560 2954 manilestom
573 2893 619 2960 sit,
634 2901 664 2950 ut
678 2890 824 2950 satisfieret
837 2886 1022 2960 imperialibus
1033 2899 1100 2944 con·
1149 2891 1184 2947 ab
1199 2891 1334 2948 omnibus.
1361 2889 1456 2948 Nullus
1468 2907 1535 2964 ergo
1549 2891 1594 2949 rel
1619 2892 1722 2960 laicus,
1740 2889 1855 2958 mopiam

297 2990 410 3048 stitutis.
1149 2985 1219 3040 ultra
1235 3000 1377 3041 numerum
1399 2987 1581 3056 prestitutum
1607 2986 1634 3042 in
1658 2987 1730 3043 illum
1747 2983 1855 3054 inuitis

335 3083 362 3140 9.
385 3081 529 3138 Petilimrrrs
542 3081 679 3151 episcopm
693 3080 769 3139 dicit.
790 3077 880 3136 Saluis
893 3073 1021 3134 omnibus
1034 3088 1098 3146 qnae
1149 3092 1224 3134 mom
1238 3077 1348 3134 concilii
1362 3077 1453 3134 locutu
1465 3089 1562 3136 contra
1578 3080 1737 3152 pmbibitnrn
1749 3079 1853 3136 mlius·

295 3183 456 3248 competunt
470 3173 569 3243 nobis,
584 3170 658 3230 etde
671 3185 788 3244 persona
801 3178 830 3227 et
842 3169 869 3226 in
881 3183 982 3237 causa,
997 3156 1132 3239 propo-G
1147 3170 1262 3234 cedere,
1276 3169 1341 3242 quin
1356 3172 1447 3240 potios
1460 3171 1544 3230 etiam
1558 3172 1654 3243 plebes
1666 3187 1726 3230 snas
1737 3173 1769 3244 pir
1778 3168 1852 3241 pius

292 3280 360 3328 narrt
379 3269 400 3326 ii
418 3269 464 3342 qui
483 3270 535 3326 ista
548 3268 649 3326 elicere
670 3273 840 3322 meruerunt.
868 3262 904 3319 m
924 3263 979 3320 olio
1002 3278 1093 3318 monn.
1146 3261 1287 3320 modestia
1300 3263 1515 3320 commonitione
1528 3265 1701 3331 conveniant,
1714 3258 1847 3335 borpsirb

293 3366 443 3425 Petilianus
457 3363 602 3437 episcopus
616 3361 776 3435 recognovi.
1145 3356 1202 3412 sias
1218 3356 1341 3428 proprias
1355 3366 1420 3415 arrte
1436 3367 1604 3427 tractantes,
1619 3356 1845 3433 qnatenusaulir

332 3457 502 3516 llmosllimrr
512 3458 550 3514 uir
560 3456 721 3514 dodrnorur
730 3455 846 3512 utimur
856 3463 879 3510 ct
890 3451 1007 3509 notarim
1017 3451 1095 3508 dicit.
1146 3449 1259 3508 tationis
1278 3464 1311 3507 ac
1332 3452 1393 3510 loeo
1410 3453 1500 3510 omnis
1520 3469 1553 3511 se
1573 3455 1714 3512 multitudo
1730 3454 1850 3512 contineret

293 3551 383 3609 Saluis
394 3561 477 3623 atque
488 3548 670 3608 incolumibus
684 3548 817 3606 uniuersis
827 3562 888 3620 quan
903 3543 1095 3618 legilrusdeie-
1145 3543 1274 3617 religioso
1293 3545 1430 3617 patientie
1453 3547 1613 3619 magisterio
1625 3547 1754 3605 delinitum
1764 3544 1851 3602 cusam

295 3651 405 3709 nonius,
420 3640 569 3698 edictorum
583 3639 779 3714 perordinem,
795 3639 866 3697 sicut
878 3647 905 3696 et
921 3637 998 3710 priua
1013 3635 1095 3694 statui
1146 3638 1205 3709 paci
1221 3639 1354 3710 populum
1368 3647 1474 3711 parent.
1489 3639 1549 3697 llon
1562 3641 1652 3698 solum
1664 3643 1729 3697 enin
1741 3636 1853 3710 epictiitt

294 3735 391 3804 lormae
404 3733 564 3792 recitentur.
1145 3747 1206 3790 runt
1220 3732 1305 3790 etiam
1328 3735 1498 3792 rationabilis
1521 3737 1550 3794 in
1564 3736 1636 3794 banc
1647 3735 1782 3794 sententian
1795 3729 1853 3802 prere

331 3831 377 3888 to.
400 3827 532 3886 Martialis
555 3835 676 3899 receptor·
698 3825 823 3882 recitauit.
857 3823 1015 3898 Magnitudo
1041 3822 1094 3879 lru·
1145 3829 1304 3894 consentit,
1329 3828 1533 3901 disputantibus
1547 3833 1722 3904 supradictir:
1741 3823 1853 3890 erubuit

293 3923 373 3996 juste
395 3920 518 3995 negotii,
540 3920 614 3993 quod
633 3919 668 3976 dc
685 3919 807 3976 veritatis
821 3933 854 3976 ac
868 3917 1006 3990 religionis
1018 3915 1095 3988 agni·
1144 3922 1288 3993 occupatio
1303 3917 1435 3980 mentium
1447 3923 1535 3982 detra
1545 3927 1679 3993 consistit,
1690 3924 1853 3985 descrimen-r

295 4016 371 4074 tione
383 4015 542 4086 suscipitur,
553 4012 660 4071 etiarnsi
675 4027 769 4082 parunr
782 4011 911 4068 momenti
925 4010 967 4066 sui
982 4008 1095 4066 librare-
1145 4015 1289 4086 rentibus,
1316 4018 1383 4075 nibil
1396 4021 1535 4078 turbidum
1550 4065 1558 4090 ,
1582 4022 1650 4079 nibil
1662 4006 1853 4078 tummrommai

291 4117 338 4166 tur
354 4106 502 4175 examine,
522 4113 687 4163 conuenerat
699 4112 790 4160 tamen
805 4105 863 4175 ipsa
882 4103 1093 4176 disceptantium
1144 4107 1262 4182 denique
1284 4112 1504 4184 intempestiuum
1519 4113 1622 4172 debere
1642 4128 1739 4187 pmrsus
1754 4109 1852 4176 obrem

294 4199 428 4274 gravitate
448 4206 530 4270 atque
550 4198 711 4254 auctoritate
731 4197 851 4268 pensari.
870 4195 943 4254 llulli
958 4197 1030 4254 enim
1045 4195 1094 4252 lra-
1143 4199 1211 4258 llam
1232 4212 1264 4259 ut
1276 4204 1347 4275 guod
1364 4207 1485 4263 oninium
1508 4206 1591 4264 saluti
1614 4207 1742 4280 proiciat,
1759 4202 1792 4258 lat
1806 4205 1854 4268 pres

291 4292 373 4350 betur
395 4290 573 4362 ambiguum,
598 4289 693 4361 guanti
714 4289 750 4346 sit
771 4289 897 4362 ponderis
910 4304 1012 4358 eausa,
1031 4304 1093 4362 guae
1144 4297 1300 4369 publicum,
1324 4298 1406 4358 debet
1418 4299 1628 4359 discutientibus
1648 4300 1767 4359 veritatem
1782 4298 1854 4363 tw

293 4381 366 4441 inter
376 4381 567 4455 cpiscoporum
578 4392 620 4440 est
629 4381 796 4439 discutienda
809 4396 949 4452 personas.
964 4381 1020 4439 Sed
1029 4396 1091 4438 curu
1143 4398 1207 4447 ante
1221 4401 1374 4448 meretum:
1387 4405 1540 4451 amavero
1554 4394 1591 4449 ita
1607 4392 1739 4466 peronnia
1751 4381 1853 4460 ponim-

291 4474 360 4531 mibi
380 4475 561 4548 cognitionem
582 4475 785 4548 disceptationis
810 4473 923 4548 hujusce
942 4473 1092 4532 crediderit
1143 4481 1333 4540 claremontis
1352 4495 1413 4554 est,
1438 4495 1468 4542 ut
1490 4487 1517 4542 in
1543 4483 1776 4557 publicandim'ma
1784 4473 1852 4533 roitbt

283 4569 404 4642 'augusta
428 4569 569 4641 dignatio,
592 4568 686 4642 eisquc
704 4567 823 4641 judicem
845 4567 970 4637 dederit,
991 4567 1091 4640 quibus
1103 4552 1132 4615 D
1144 4577 1652 4652 inrespipniiiiiaeciiihiginispopuii,
1660 4570 1848 4652 jiiioepiitsm

291 4660 450 4718 infer-iorem
466 4675 510 4716 me
531 4675 612 4730 esse,
635 4675 686 4733 pro
700 4661 766 4717 tanti
782 4661 900 4718 nominis
915 4663 1091 4718 veneratione
1141 4670 1182 4727 ιιι
1195 4671 1295 4744 qnippe
1309 4673 1396 4731 iiiiii,
1418 4689 1472 4730 non
1494 4675 1585 4731 sotum
1598 4675 1673 4732 gigig
1685 4673 1787 4744 iiim,
1800 4671 1852 4714 reris

290 4767 436 4826 cognosco,
450 4750 514 4807 lidei
527 4750 717 4808 sollicitudinis
731 4767 799 4810 mere
810 4753 861 4810 lrac
871 4754 1091 4812 consideratione
1140 4764 1224 4820 eiiam
1234 4766 1370 4823 universa
1379 4766 1527 4839 provincii„
1538 4757 1612 4826 totus
1622 4750 1853 4833 emmeaed‘sprttitff

290 4844 440 4918 prospexi,
464 4851 495 4898 ut
509 4842 544 4900 de
557 4857 618 4899 mco
631 4844 728 4900 uellem
740 4844 843 4914 iudicio
854 4845 981 4917 judicari.
1003 4845 1090 4917 lluJus
1141 4859 1210 4921 pido
1223 4860 1374 4930 gignimur,
1401 4872 1431 4919 gi
1454 4870 1509 4920 iam
1526 4866 1721 4934 „maging
1731 4847 1852 4926 ianuam

292 4937 373 5009 igitur
387 4939 550 4994 auctoritate
574 4935 819 5008 propositionrnes
841 4938 1090 5010 utriusquepartis
1141 4951 1331 5023 episcoporum
1355 4970 1435 5026 qnam
1461 4958 1681 5027 prosecutionum
1703 4938 1853 5012 „ieiunarit

237 5109 240 5118 ἢ
285 5031 431 5104 episcopos
445 5033 539 5090 censui
554 5033 776 5097 commonendos,
792 5044 821 5088 ut
832 5044 896 5090 ante
908 5043 1086 5107 cognoscant,
1141 5045 1301 5115 subsecuta,
1324 5048 1437 5121 digestis
1449 5051 1479 5106 in
1493 5051 1604 5121 publico
1619 5046 1775 5108 solaminibus
1782 5034 1852 5105 inple

288 5142 345 5185 nou
356 5125 473 5197 amplius
483 5141 564 5198 qurum
577 5135 706 5197 septenos
720 5125 859 5183 anabarum
870 5128 1014 5200 episcopos
1027 5144 1088 5200 par·
1142 5147 1196 5194 tur.
1217 5141 1280 5196 iiaec
1292 5143 1365 5197 inim
1377 5141 1406 5199 g,
1417 5143 1511 5215 jugie,
1525 5148 1659 5203 mum„
1672 5143 1727 5201 figes
1736 5149 1773 5204 gi,
1783 5128 1849 5190 ulti

288 5221 356 5278 tium
372 5226 471 5276 rnutuac
495 5216 567 5274 inter
586 5230 616 5273 se
637 5216 843 5290 disceptationis
866 5219 1007 5276 babituros
1025 5235 1088 5278 esse
1141 5245 1195 5287 porr
1215 5232 1310 5290 timeat
1320 5233 1449 5306 indicari.
1471 5236 1509 5294 llt
1522 5237 1606 5310 igitur
1619 5242 1647 5296 in
1659 5217 1850 5295 eiicietltitil'3

287 5311 465 5384 colloquium,
479 5323 547 5382 quos
559 5306 587 5364 in
600 5307 721 5364 olllciurn
732 5308 888 5382 disputandi
902 5326 1011 5368 suarum
1023 5327 1088 5385 par·
1140 5341 1257 5386 exime„
1272 5344 1326 5386 no„
1344 5330 1468 5403 impii
1479 5333 1653 5404 anquam,
1665 5324 1850 5388 “tenduntnr

286 5403 357 5461 tium
372 5402 525 5476 subrogarit
539 5402 658 5470 electio:
680 5402 813 5473 siquidem
832 5411 935 5461 certum
954 5404 1037 5480 deligi
1052 5422 1086 5464 ex
1140 5418 1205 5488 cip,
1230 5419 1374 5494 lucemque
1387 5425 1558 5494 „efigiem
1574 5442 1654 5498 qm,
1667 5420 1777 5481 miminis
1785 5400 1850 5482 point

286 5495 410 5568 portibus
423 5509 565 5552 rrurnerum
581 5495 746 5566 preceperit
759 5493 907 5568 imperialis
924 5500 1082 5556 auctoritas.
1138 5513 1332 5584 probationum
1357 5516 1525 5576 evidentium
1550 5519 1621 5578 gg„
1643 5517 1749 5576 ,wigii
1765 5495 1849 5580 pembr

285 5587 411 5645 Aderant
424 5586 471 5642 alii
482 5600 591 5660 quoque
603 5587 722 5658 septeni,
733 5586 831 5646 delecti
844 5588 946 5662 judicio
964 5606 1021 5649 sure
1033 5610 1082 5651 cu·
1136 5604 1221 5663 pullis
1241 5609 1350 5678 penita
1363 5609 1472 5668 nepotis
1485 5615 1610 5671 musairo
1622 5609 1748 5684 cuiuslibet
1761 5587 1848 5674 parit&

282 5679 381 5753 iusque
391 5680 680 5753 partisepiscopirtiui
691 5693 798 5741 serrata
809 5685 935 5758 primitus
945 5703 1083 5762 peromne
1136 5697 1239 5767 ducat:
1265 5700 1292 5758 id
1307 5702 1390 5760 etiam
1404 5713 1500 5762 contra
1517 5705 1697 5779 suspicionum
1715 5701 1774 5756 locor
1784 5693 1848 5746 erut·

284 5773 449 5845 colloquium
462 5769 650 5831 moderatione
661 5771 779 5847 silentii,
801 5776 837 5834 ad
860 5777 912 5838 lroc
925 5794 956 5838 se
977 5789 1080 5840 tanturn
1134 5802 1228 5850 menta
1241 5791 1353 5854 lulleudi
1367 5797 1524 5858 necessario
1534 5768 1679 5873 provisum.
1691 5788 1847 5854 lloreriutoue
